fisc_wk_strt_dt,month,year,week_of_month,mkt_lvl,value,total_wgt,total_sales,avg_unit_price,avg_unit_price_adj,log_price,log_units
5/5/2013,5,2013,18,North,236.526,1642565.196,3474335.31,2.115188681,0.894273222,-0.111743933,14.31176972
5/5/2013,5,2013,18,South,236.526,1422200.66,2850561.14,2.004331189,0.847404171,-0.165577519,14.16771599
5/5/2013,5,2013,18,West,236.526,694843.26,1440919.45,2.073733075,0.876746351,-0.131537552,13.45144157
5/12/2013,5,2013,19,North,236.526,1587125.754,3533834.04,2.226562093,0.941360397,-0.060429219,14.27743524
5/12/2013,5,2013,19,South,236.526,1376157.075,2888754.41,2.099145848,0.887490529,-0.11935743,14.13480544
5/12/2013,5,2013,19,West,236.526,702042.076,1697784.51,2.418351503,1.022446371,0.022198159,13.46174862
5/19/2013,5,2013,20,North,236.526,1574523.73,3620625.62,2.299505273,0.972199789,-0.028193951,14.26946339
5/19/2013,5,2013,20,South,236.526,1357878.638,2960602.59,2.180314578,0.921807572,-0.081418784,14.12143421
5/19/2013,5,2013,20,West,236.526,649313.51,1470401.64,2.264548046,0.957420345,-0.043512752,13.38367095
5/26/2013,5,2013,21,North,236.526,1333529.782,3156906.36,2.367330976,1.000875581,0.000875197,14.10333996
5/26/2013,5,2013,21,North,236.792,39534.1,95286.09,2.41022535,1.017866038,0.017708317,10.58491887
5/26/2013,5,2013,21,South,236.526,1173445.88,2616575.85,2.22982235,0.94273879,-0.058966034,13.97545517
5/26/2013,5,2013,21,South,236.792,71074.55,162555.29,2.287109662,0.96587286,-0.034723069,11.17148461
5/26/2013,5,2013,21,West,236.526,533301.644,1249375.8,2.342718823,0.990469895,-0.009575807,13.18684248
5/26/2013,5,2013,21,West,236.792,41357.32,96180.74,2.325603787,0.982129374,-0.018032234,10.63000471
6/2/2013,6,2013,22,North,236.792,1500615.92,3571682.28,2.380144201,1.005162421,0.005149142,14.2213862
6/2/2013,6,2013,22,South,236.792,1281153.77,2890435.77,2.256119318,0.952785279,-0.048365711,14.06327161
6/2/2013,6,2013,22,West,236.792,612593.395,1457856.58,2.379811131,1.005021762,0.005009195,13.32545669
6/9/2013,6,2013,23,North,236.792,1407343.188,3368112.44,2.393241726,1.010693658,0.010636885,14.15721422
6/9/2013,6,2013,23,South,236.792,1267847.32,2867272,2.261527831,0.955069357,-0.045971316,14.052831
6/9/2013,6,2013,23,West,236.792,586609.024,1400394.78,2.387271117,1.008172201,0.008138989,13.28211382
6/16/2013,6,2013,24,North,236.792,1400220.584,3267500.04,2.333560924,0.985489765,-0.014616538,14.15214034
6/16/2013,6,2013,24,South,236.792,1240208.725,2788426.83,2.248352857,0.949505413,-0.051814048,14.03079025
6/16/2013,6,2013,24,West,236.792,571990.99,1368099.23,2.391819546,1.010093055,0.01004246,13.25687852
6/23/2013,6,2013,25,North,236.792,1341796.985,3047752.65,2.271396257,0.959236907,-0.041617199,14.10952031
6/23/2013,6,2013,25,South,236.792,1183686.445,2601128.35,2.197480896,0.928021595,-0.074700276,13.98414423
6/23/2013,6,2013,25,West,236.792,543225.292,1281641.69,2.359318885,0.996367649,-0.003638964,13.20527942
6/30/2013,6,2013,26,North,237.001,1229702.966,2713120.94,2.206322189,0.930933705,-0.071567213,14.02228321
6/30/2013,6,2013,26,South,237.001,1125463.107,2387387.37,2.121248893,0.895037951,-0.110889159,13.93370516
6/30/2013,6,2013,26,West,237.001,515538.435,1193323.76,2.31471347,0.976668229,-0.023608266,13.15296714
7/7/2013,7,2013,27,North,237.001,1352136.71,2960894.4,2.189789226,0.9239578,-0.079088879,14.11719665
7/7/2013,7,2013,27,South,237.001,1190678.325,2503401.25,2.10250006,0.887127084,-0.119767033,13.99003372
7/7/2013,7,2013,27,West,237.001,555462.948,1258114.38,2.264983442,0.955685184,-0.045326726,13.22755719
7/14/2013,7,2013,28,North,237.001,1396017.561,3054202.88,2.187796891,0.923117156,-0.079999123,14.14913414
7/14/2013,7,2013,28,South,237.001,1236000.365,2585178.17,2.091567481,0.882514201,-0.124980399,14.02739121
7/14/2013,7,2013,28,West,237.001,594565.45,1338108.23,2.250565064,0.949601505,-0.05171285,13.29558608
7/21/2013,7,2013,29,North,237.001,1412525.618,3070089.27,2.173475108,0.917074235,-0.086566856,14.16088988
7/21/2013,7,2013,29,South,237.001,1237824.67,2582413.97,2.086251819,0.880271315,-0.127525106,14.0288661
7/21/2013,7,2013,29,West,237.001,581949.08,1291011.33,2.218426619,0.936041037,-0.06609596,13.27413823
7/28/2013,7,2013,30,North,237.001,775397.29,1669648.6,2.153281449,0.90855374,-0.095901241,13.56113081
7/28/2013,7,2013,30,North,237.406,625783.368,1378329.51,2.202566544,0.927763639,-0.074978278,13.34675953
7/28/2013,7,2013,30,South,237.001,638780.775,1324845.77,2.07402261,0.875111333,-0.133404163,13.3673166
7/28/2013,7,2013,30,South,237.406,594985.995,1246364.88,2.094780197,0.882361944,-0.12515294,13.29629315
7/28/2013,7,2013,30,West,237.001,307511.29,670627.67,2.180822922,0.920174566,-0.083191882,12.63626708
7/28/2013,7,2013,30,West,237.406,289958.236,639058.36,2.203966919,0.928353504,-0.074342688,12.57749218
8/4/2013,8,2013,31,North,237.406,1428397.081,3089911.22,2.163201858,0.911182472,-0.093012104,14.17206345
8/4/2013,8,2013,31,South,237.406,1278650.295,2642326.18,2.06649636,0.870448245,-0.138746976,14.06131562
8/4/2013,8,2013,31,West,237.406,599627.27,1322819.48,2.206069581,0.929239185,-0.073389108,13.30406352
8/11/2013,8,2013,32,North,237.406,1448581.803,3133584.12,2.163208259,0.911185168,-0.093009145,14.18609557
8/11/2013,8,2013,32,South,237.406,1271308.51,2641049.8,2.077426352,0.875052169,-0.133471773,14.05555725
8/11/2013,8,2013,32,West,237.406,602025.644,1320496.68,2.193422644,0.923912051,-0.079138395,13.30805532
8/18/2013,8,2013,33,North,237.406,1425244.09,3102059.92,2.176511337,0.916788681,-0.086878279,14.16985365
8/18/2013,8,2013,33,South,237.406,1275911.176,2642143.5,2.070789526,0.87225661,-0.136671621,14.05917113
8/18/2013,8,2013,33,West,237.406,601917.274,1314002.7,2.183028726,0.919533932,-0.083888333,13.3078753
8/25/2013,8,2013,34,North,237.406,1363361.011,3025225.96,2.218947099,0.934663445,-0.067568766,14.12546354
8/25/2013,8,2013,34,South,237.406,1227789.295,2534034.45,2.063900101,0.86935465,-0.140004124,14.02072579
8/25/2013,8,2013,34,West,237.406,561333.107,1238428.57,2.206227558,0.929305729,-0.0733175,13.23806978
9/1/2013,9,2013,35,North,237.522,1243445.565,2650524.75,2.131596931,0.897431367,-0.108218633,14.03339677
9/1/2013,9,2013,35,South,237.522,1122940.855,2298583.58,2.046932009,0.86178628,-0.148747974,13.93146157
9/1/2013,9,2013,35,West,237.522,533558.916,1195342.35,2.240319324,0.943204976,-0.058471654,13.18732478
9/8/2013,9,2013,36,North,237.522,1242566.612,2561659.22,2.061587037,0.867956247,-0.141613972,14.03268965
9/8/2013,9,2013,36,South,237.522,1135802.415,2264092.71,1.993386068,0.839242709,-0.17525533,13.94284993
9/8/2013,9,2013,36,West,237.522,524279.245,1125204.66,2.146193409,0.903576683,-0.101394299,13.16977973
9/15/2013,9,2013,37,North,237.522,1260669.359,2512408.57,1.992916344,0.839044949,-0.175490999,14.04715338
9/15/2013,9,2013,37,South,237.522,1158324.509,2228980.88,1.9243147,0.810162722,-0.21052016,13.96248513
9/15/2013,9,2013,37,West,237.522,550549.782,1129027.5,2.050727358,0.863384174,-0.146895526,13.21867266
9/22/2013,9,2013,38,North,237.522,1251843.875,2456761.26,1.962514103,0.826245191,-0.190863708,14.04012812
9/22/2013,9,2013,38,South,237.522,1157567.754,2197765.48,1.898606343,0.799339153,-0.223969952,13.9618316
9/22/2013,9,2013,38,West,237.522,552254.926,1126618.77,2.040033899,0.858882082,-0.15212364,13.22176504
9/29/2013,9,2013,39,North,237.522,204270.52,396920.16,1.943110342,0.818075943,-0.200800106,12.22720047
9/29/2013,9,2013,39,North,237.871,1052193.43,2046613.32,1.945092282,0.817708877,-0.201248902,13.86638752
9/29/2013,9,2013,39,South,237.522,236755.31,442578.34,1.869349161,0.78702148,-0.239499737,12.37478244
9/29/2013,9,2013,39,South,237.871,949142.615,1774114.55,1.869175951,0.78579396,-0.241060658,13.76331435
9/29/2013,9,2013,39,West,237.522,84610.45,166264.72,1.96506129,0.827317592,-0.189566629,11.34581306
9/29/2013,9,2013,39,West,237.871,438169.114,887892.72,2.026369937,0.851877672,-0.16031234,12.99036022
10/6/2013,10,2013,40,North,237.871,1230630.825,2620708.53,2.12956516,0.895260524,-0.110640515,14.02303746
10/6/2013,10,2013,40,South,237.871,1175538.102,2148222.26,1.827437372,0.768247232,-0.263643682,13.97723656
10/6/2013,10,2013,40,West,237.871,503036.249,1005089.41,1.998045692,0.839970274,-0.174388775,13.12841751
10/13/2013,10,2013,41,North,237.871,1273689.658,2303112.61,1.808221175,0.760168821,-0.274214738,14.05742849
10/13/2013,10,2013,41,South,237.871,1193002.511,2148337.5,1.800782044,0.75704144,-0.278337285,13.99198381
10/13/2013,10,2013,41,West,237.871,511716.261,993163.61,1.940848251,0.815924703,-0.203433204,13.14552557
10/20/2013,10,2013,42,North,237.871,1269756.934,2262725.12,1.782014384,0.749151592,-0.288813923,14.05433605
10/20/2013,10,2013,42,South,237.871,1173582.855,2053180.06,1.74949732,0.735481551,-0.307229823,13.9755719
10/20/2013,10,2013,42,West,237.871,524571.567,992584.19,1.892180691,0.795465059,-0.228828355,13.17033715
10/27/2013,10,2013,43,North,237.641,304487.53,555329.45,1.823816726,0.767467199,-0.264659538,12.62638541
10/27/2013,10,2013,43,North,237.871,934779.607,1624088.29,1.737402354,0.730396877,-0.314167226,13.74806607
10/27/2013,10,2013,43,South,237.641,326561.397,569592.87,1.744213723,0.733970032,-0.30928708,12.69637326
10/27/2013,10,2013,43,South,237.871,820608.56,1408132.23,1.715960933,0.72138299,-0.32658509,13.61780149
10/27/2013,10,2013,43,West,237.641,155355.42,290685.9,1.871102405,0.787365145,-0.239063167,11.9534708
10/27/2013,10,2013,43,West,237.871,372505.37,679832.88,1.825028402,0.76723451,-0.264962774,12.82800673
11/3/2013,11,2013,44,North,237.641,1227519.07,2140270.09,1.7435738,0.73370075,-0.30965403,14.02050567
11/3/2013,11,2013,44,South,237.641,1180062.305,2027006.88,1.717711744,0.722817925,-0.324597922,13.9810778
11/3/2013,11,2013,44,West,237.641,505636.34,935249.06,1.849647634,0.778336917,-0.250595793,13.13357299
11/10/2013,11,2013,45,North,237.641,1207191.369,2105204.69,1.743886466,0.733832321,-0.309474722,14.00380704
11/10/2013,11,2013,45,South,237.641,1190964.645,2020748.99,1.696732979,0.713990001,-0.336886321,13.99027416
11/10/2013,11,2013,45,West,237.641,520202.007,946933.32,1.820318467,0.765995122,-0.266579478,13.16197249
11/17/2013,11,2013,46,North,237.641,1208454.085,2067244.42,1.710652019,0.719847172,-0.32871635,14.00485249
11/17/2013,11,2013,46,South,237.641,1161840.807,1928990.53,1.660288155,0.698653917,-0.358599771,13.96551621
11/17/2013,11,2013,46,West,237.641,514996.39,924859.26,1.795855812,0.755701168,-0.280109262,13.15191517
11/24/2013,11,2013,47,North,237.641,1008887.919,1711053.17,1.695979442,0.713672911,-0.33733053,13.82435921
11/24/2013,11,2013,47,South,237.641,933608.318,1520210.07,1.628316758,0.685200264,-0.378044128,13.74681227
11/24/2013,11,2013,47,West,237.641,415061.42,739792.3,1.782368258,0.750025567,-0.287647984,12.93618179
12/1/2013,12,2013,48,North,237.869,1240267.615,2134946.91,1.721359878,0.723658769,-0.323435311,14.03083773
12/1/2013,12,2013,48,South,237.869,1173003.625,1938509.08,1.652602804,0.694753332,-0.364198414,13.97507822
12/1/2013,12,2013,48,West,237.869,512725.246,914877.4,1.784342408,0.750136591,-0.287499968,13.1474954
12/8/2013,12,2013,49,North,237.869,1263320.514,2175981.31,1.722430124,0.7241087,-0.322813759,14.04925414
12/8/2013,12,2013,49,South,237.869,1203683.153,1987873.19,1.651492077,0.694286383,-0.364870748,14.00089671
12/8/2013,12,2013,49,West,237.869,521778.456,929851.83,1.782081685,0.749186184,-0.288767749,13.16499836
12/15/2013,12,2013,50,North,237.869,1246512.126,2105409.7,1.689040689,0.7100718,-0.342389188,14.03585991
12/15/2013,12,2013,50,South,237.869,1231803.185,2009118.86,1.631038858,0.685687861,-0.377332768,14.02398966
12/15/2013,12,2013,50,West,237.869,540792.103,950976.29,1.758487753,0.739267308,-0.302095708,13.2007902
12/22/2013,12,2013,51,North,237.869,991789.308,1648362.97,1.662009216,0.698707783,-0.358522675,13.80726597
12/22/2013,12,2013,51,South,237.869,960839.55,1546675.98,1.609713068,0.67672251,-0.390493971,13.77556271
12/22/2013,12,2013,51,West,237.869,435175.277,758434.93,1.742826328,0.732683253,-0.311041794,12.98350416
12/29/2013,12,2013,52,North,237.869,566035.405,942669.5,1.665389641,0.700128912,-0.356490801,13.24641191
12/29/2013,12,2013,52,North,238.872,510972.552,846159.95,1.655979263,0.693249633,-0.366365124,13.14407115
12/29/2013,12,2013,52,South,237.869,509712.495,821707.97,1.612100896,0.677726352,-0.389011683,13.14160211
12/29/2013,12,2013,52,South,238.872,574504.97,924083.93,1.608487269,0.673367858,-0.395463505,13.26126403
12/29/2013,12,2013,52,West,237.869,226874.55,396548.33,1.747874894,0.734805668,-0.308149212,12.3321525
12/29/2013,12,2013,52,West,238.872,279190.6,484593.07,1.735706969,0.726626381,-0.319342852,12.53964998
1/5/2014,1,2014,1,North,238.872,1067933.427,1763987.87,1.651776998,0.691490421,-0.368905981,13.88123596
1/5/2014,1,2014,1,South,238.872,1118825.682,1808951.46,1.616830476,0.67686061,-0.390289921,13.92779019
1/5/2014,1,2014,1,West,238.872,517908.341,905121.08,1.747647235,0.731624985,-0.312487212,13.15755356
1/12/2014,1,2014,2,North,238.872,1181438.392,1962546.77,1.661150326,0.695414417,-0.363247328,13.98224323
1/12/2014,1,2014,2,South,238.872,1174889.59,1902195.22,1.619041684,0.677786297,-0.388923237,13.97668474
1/12/2014,1,2014,2,West,238.872,522852.546,911655.85,1.743619414,0.729938802,-0.314794582,13.16705476
1/19/2014,1,2014,3,North,238.872,1182529.367,1972634,1.668148001,0.698343883,-0.359043628,13.98316623
1/19/2014,1,2014,3,South,238.872,1180161.375,1914633.62,1.622348994,0.679170851,-0.386882562,13.98116175
1/19/2014,1,2014,3,West,238.872,527676.622,929425.71,1.761354722,0.737363409,-0.304674416,13.17623892
1/26/2014,1,2014,4,North,238.872,1084178.539,1800945.19,1.66111496,0.695399611,-0.363268618,13.89633315
1/26/2014,1,2014,4,North,239.608,28961.4,48540.99,1.676058133,0.699500072,-0.357389382,10.27371919
1/26/2014,1,2014,4,South,238.872,1054127.075,1691716.89,1.604851,0.671845591,-0.397726741,13.86822357
1/26/2014,1,2014,4,South,239.608,62108.5,104258.62,1.678653002,0.700583037,-0.355842381,11.03663813
1/26/2014,1,2014,4,West,238.872,486429.055,852067.96,1.751679821,0.733313164,-0.310182432,13.09484634
1/26/2014,1,2014,4,West,239.608,32076.91,56910.52,1.774189596,0.740455075,-0.300490316,10.37589174
2/2/2014,2,2014,5,North,239.608,1134486.53,1882638.43,1.659463008,0.692574125,-0.367340008,13.94169071
2/2/2014,2,2014,5,South,239.608,1158457.46,1874285.74,1.617915033,0.675234146,-0.392695765,13.9625999
2/2/2014,2,2014,5,West,239.608,506609.545,879241.73,1.735541185,0.724325225,-0.322514782,13.13549586
2/9/2014,2,2014,6,North,239.608,1222659.519,2041089.56,1.669385081,0.696715085,-0.361378725,14.01653898
2/9/2014,2,2014,6,South,239.608,1224997.095,1982276.31,1.61818858,0.675348311,-0.392526705,14.01844903
2/9/2014,2,2014,6,West,239.608,558398.15,975935.46,1.747741213,0.729416886,-0.31550985,13.23282752
2/16/2014,2,2014,7,North,239.608,1226470.19,2029790.56,1.654985646,0.690705505,-0.370041733,14.01965084
2/16/2014,2,2014,7,South,239.608,1300420.455,2102453.42,1.616748961,0.674747488,-0.39341675,14.0781982
2/16/2014,2,2014,7,West,239.608,574568.764,999444.22,1.73946842,0.72596425,-0.320254508,13.26137506
2/23/2014,2,2014,8,North,239.608,1254498.48,2083529.49,1.660846564,0.693151549,-0.366506618,14.04224643
2/23/2014,2,2014,8,North,240.398,34971.138,57534.45,1.645198106,0.684364307,-0.379264891,10.46227837
2/23/2014,2,2014,8,South,239.608,1253019.845,2029265.99,1.61950028,0.675895746,-0.391716436,14.04106707
2/23/2014,2,2014,8,South,240.398,68373.72,113985.46,1.667094609,0.693472745,-0.366043341,11.13274382
2/23/2014,2,2014,8,West,239.608,553701.57,957344.14,1.72898939,0.721590844,-0.326296998,13.22438114
2/23/2014,2,2014,8,West,240.398,37762.008,67252.01,1.780943693,0.740831327,-0.299982308,10.5390588
3/2/2014,3,2014,9,North,240.398,1258623.41,2091171.82,1.661475389,0.691135279,-0.369419701,14.04552915
3/2/2014,3,2014,9,South,240.398,1333156.27,2129188.84,1.597103721,0.664358157,-0.408933882,14.10305982
3/2/2014,3,2014,9,West,240.398,596187.085,1027412.22,1.72330506,0.71685499,-0.332881704,13.2983098
3/9/2014,3,2014,10,North,240.398,1324067.708,2259047.96,1.706142327,0.709715691,-0.342890824,14.09621915
3/9/2014,3,2014,10,South,240.398,1352545.54,2241030.88,1.656898651,0.689231462,-0.372178125,14.11749896
3/9/2014,3,2014,10,West,240.398,665956.279,1146394.35,1.721425845,0.71607328,-0.33397277,13.4089793
3/16/2014,3,2014,11,North,240.398,1301568.653,2342275.6,1.799578988,0.748583178,-0.289572955,14.07908075
3/16/2014,3,2014,11,South,240.398,1372082.67,2357321.08,1.718060531,0.714673388,-0.335929641,14.13184034
3/16/2014,3,2014,11,West,240.398,643833.712,1159393.72,1.800765785,0.749076858,-0.288913686,13.37519576
3/23/2014,3,2014,12,North,240.398,1317980.024,2495839.64,1.893685484,0.787729301,-0.238600775,14.09161084
3/23/2014,3,2014,12,South,240.398,1360930.92,2457544.1,1.805781663,0.751163347,-0.286132145,14.12367952
3/23/2014,3,2014,12,West,240.398,626355.303,1185776.86,1.893137736,0.78750145,-0.238890067,13.34767307
3/30/2014,3,2014,13,North,240.398,206818.57,403525.55,1.951108887,0.811616106,-0.208727826,12.23959721
3/30/2014,3,2014,13,North,241.337,1130584.648,2171732.26,1.920893109,0.79593809,-0.228233872,13.93824544
3/30/2014,3,2014,13,South,240.398,268724.42,495640.99,1.844421099,0.767236457,-0.264960237,12.50144167
3/30/2014,3,2014,13,South,241.337,1090262.619,2032411.88,1.864148917,0.772425661,-0.258219507,13.90192916
3/30/2014,3,2014,13,West,240.398,95682.99,185283.9,1.936435097,0.805512149,-0.216276993,11.46879582
3/30/2014,3,2014,13,West,241.337,538535.69,1038474.73,1.928330377,0.799019784,-0.224369572,13.19660905
4/6/2014,4,2014,14,North,241.337,1352062.866,2718203.39,2.010411985,0.833030984,-0.182684442,14.11714203
4/6/2014,4,2014,14,South,241.337,1346889.73,2593705.09,1.925699656,0.797929723,-0.225734752,14.11330859
4/6/2014,4,2014,14,West,241.337,653619.476,1296768.65,1.983981043,0.822079102,-0.195918657,13.39028062
4/13/2014,4,2014,15,North,241.337,1322058.242,2769532.69,2.094864358,0.868024529,-0.141535305,14.09470035
4/13/2014,4,2014,15,South,241.337,1311293.08,2603005.46,1.98506764,0.822529343,-0.195371122,14.08652429
4/13/2014,4,2014,15,West,241.337,631792.13,1294656.38,2.049180923,0.849095217,-0.163583948,13.35631571
4/20/2014,4,2014,16,North,241.337,1294835.818,2750312.91,2.124063045,0.880123249,-0.127693326,14.07389446
4/20/2014,4,2014,16,South,241.337,1276323.09,2647095.45,2.074001067,0.85937965,-0.151544487,14.05949392
4/20/2014,4,2014,16,West,241.337,608883.412,1285861.06,2.111834605,0.875056293,-0.13346706,13.31938209
4/27/2014,4,2014,17,North,241.337,804701.45,1721893.68,2.139791944,0.886640649,-0.120315509,13.59822662
4/27/2014,4,2014,17,North,242.344,674728.76,1465996.76,2.172720131,0.89654381,-0.109208119,13.42206605
4/27/2014,4,2014,17,South,241.337,731028.52,1511842.64,2.068103499,0.856935944,-0.154392108,13.50220775
4/27/2014,4,2014,17,South,242.344,673079.72,1380009.19,2.050290848,0.846025009,-0.167206358,13.41961906
4/27/2014,4,2014,17,West,241.337,353819.14,745284.14,2.106398597,0.872803837,-0.136044448,12.77654116
4/27/2014,4,2014,17,West,242.344,309474.201,665976.19,2.151960286,0.887977538,-0.118808831,12.64263001
5/4/2014,5,2014,18,North,242.344,1554684.794,3386420.95,2.178204201,0.898806738,-0.106687242,14.25678338
5/4/2014,5,2014,18,South,242.344,1428697.25,2949923.94,2.064764904,0.851997534,-0.160171647,14.17227357
5/4/2014,5,2014,18,West,242.344,670911.108,1450784.59,2.162409554,0.892289289,-0.113964884,13.41639193
5/11/2014,5,2014,19,North,242.344,1480637.863,3237648.93,2.186658204,0.902295169,-0.102813574,14.20798354
5/11/2014,5,2014,19,South,242.344,1362329.681,2807562.36,2.060853844,0.850383688,-0.162067634,14.12470679
5/11/2014,5,2014,19,West,242.344,634048.143,1372086.96,2.164010691,0.892949976,-0.113224717,13.35988017
5/18/2014,5,2014,20,North,242.344,1520619.06,3368757.41,2.215385496,0.9141491,-0.089761591,14.23462809
5/18/2014,5,2014,20,South,242.344,1361963.55,2848904.57,2.091762713,0.863137818,-0.147180905,14.124438
5/18/2014,5,2014,20,West,242.344,634308.128,1400964.05,2.208649059,0.9113694,-0.092806975,13.36029012
5/25/2014,5,2014,21,North,242.344,1377349.545,3165426.76,2.298201478,0.948322004,-0.053061167,14.13567159
5/25/2014,5,2014,21,South,242.344,1266086.94,2733151.65,2.158739312,0.890774813,-0.115663619,14.05144155
5/25/2014,5,2014,21,West,242.344,605560.12,1353378.01,2.234919317,0.92220947,-0.080982891,13.31390913
6/1/2014,6,2014,22,North,242.326,1541107.1,3592721.81,2.331260306,0.962034741,-0.038704716,14.24801161
6/1/2014,6,2014,22,South,242.326,1352751,2967571.54,2.193730805,0.905280822,-0.099510083,14.11765085
6/1/2014,6,2014,22,West,242.326,682112.364,1514403.82,2.220167673,0.916190451,-0.08753102,13.43294968
6/8/2014,6,2014,23,North,242.326,1536635.643,3613190.32,2.351364383,0.970331034,-0.030117993,14.24510594
6/8/2014,6,2014,23,South,242.326,1338805.99,3062290.28,2.287329384,0.943905889,-0.057728812,14.10728872
6/8/2014,6,2014,23,West,242.326,648103.083,1500598.41,2.315369961,0.955477316,-0.045544256,13.38180504
6/15/2014,6,2014,24,North,242.326,1526540.834,3605355.94,2.361781526,0.974629848,-0.025697523,14.23851484
6/15/2014,6,2014,24,South,242.326,1320467.76,2950912.62,2.23474795,0.922207254,-0.080985293,14.0934966
6/15/2014,6,2014,24,West,242.326,625467.834,1463810.62,2.340345163,0.965783764,-0.034815317,13.34625518
6/22/2014,6,2014,25,North,242.326,1498468.955,3549111.18,2.368491632,0.977398889,-0.022860431,14.21995445
6/22/2014,6,2014,25,South,242.326,1316780.363,2937103.12,2.230518621,0.920461949,-0.082879617,14.0907002
6/22/2014,6,2014,25,West,242.326,658040.98,1523859.47,2.315751627,0.955634817,-0.045379429,13.39702249
6/29/2014,6,2014,26,North,242.326,234497,560758.92,2.391326627,0.986822143,-0.013265455,12.36519807
6/29/2014,6,2014,26,North,243.034,1092231.446,2582586.2,2.364504528,0.972911004,-0.027462667,13.90373336
6/29/2014,6,2014,26,South,242.326,260593.58,584261.58,2.242041343,0.925216998,-0.077726976,12.47071731
6/29/2014,6,2014,26,South,243.034,937440.41,2105377.81,2.245879085,0.924100778,-0.078934146,13.75090847
6/29/2014,6,2014,26,West,242.326,110649.98,254670.57,2.301587131,0.949789594,-0.051514799,11.61412716
6/29/2014,6,2014,26,West,243.034,504982.933,1203880.71,2.384002768,0.980933848,-0.019250255,13.13227991
7/6/2014,7,2014,27,North,243.034,1403211.568,3337163.19,2.378232382,0.978559536,-0.02167365,14.15427414
7/6/2014,7,2014,27,South,243.034,1237947.823,2792825.58,2.256012352,0.928270263,-0.074432356,14.02896559
7/6/2014,7,2014,27,West,243.034,653116.513,1505756.21,2.305494012,0.948630238,-0.05273619,13.38951082
7/13/2014,7,2014,28,North,243.034,1434271.524,3416066.68,2.381743361,0.980004181,-0.020198441,14.17616763
7/13/2014,7,2014,28,South,243.034,1293194.09,2924322.06,2.261317217,0.93045303,-0.072083683,14.07262575
7/13/2014,7,2014,28,West,243.034,660670.824,1529950.55,2.315753162,0.95285152,-0.04829619,13.401011
7/20/2014,7,2014,29,North,243.034,1432184.202,3434700.76,2.39822556,0.98678603,-0.013302051,14.17471125
7/20/2014,7,2014,29,South,243.034,1280433.305,2890453.41,2.257402552,0.928842282,-0.073816326,14.0627091
7/20/2014,7,2014,29,West,243.034,642994.15,1496690.43,2.327689031,0.957762713,-0.043155222,13.37389091
7/27/2014,7,2014,30,North,243.034,1041350.907,2452135.23,2.354763619,0.96890296,-0.031590817,13.85602938
7/27/2014,7,2014,30,North,243.811,347302.34,848961.76,2.444445839,1.002598668,0.002595298,12.75795098
7/27/2014,7,2014,30,South,243.034,886683.04,1991073.83,2.245530522,0.923957357,-0.079089359,13.69524286
7/27/2014,7,2014,30,South,243.811,379250.38,864589.07,2.279731585,0.935040497,-0.067165439,12.8459519
7/27/2014,7,2014,30,West,243.034,424278,998571.52,2.353578361,0.968415268,-0.032094288,12.95814418
7/27/2014,7,2014,30,West,243.811,184671.68,436894.63,2.365791171,0.97033816,-0.03011065,12.12633482
8/3/2014,8,2014,31,North,243.811,1370158.691,3224587.19,2.353440672,0.965272556,-0.035344776,14.13043712
8/3/2014,8,2014,31,South,243.811,1308543.97,2903487.63,2.218868985,0.910077472,-0.094225549,14.0844256
8/3/2014,8,2014,31,West,243.811,617830.89,1443140.16,2.335817427,0.958044316,-0.042861243,13.33397006
8/10/2014,8,2014,32,North,243.811,1377810.789,3214386.45,2.332966526,0.956875008,-0.044082504,14.13600641
8/10/2014,8,2014,32,South,243.811,1311177.31,2866414.72,2.186138136,0.896652791,-0.10908657,14.086436
8/10/2014,8,2014,32,West,243.811,638078.803,1452516.63,2.276390664,0.933670205,-0.068632002,13.36621707
8/17/2014,8,2014,33,North,243.811,1381683.42,3218716.55,2.329561536,0.955478439,-0.045543081,14.13881318
8/17/2014,8,2014,33,South,243.811,1321341.145,2875198.07,2.17596953,0.892482099,-0.113748823,14.0941578
8/17/2014,8,2014,33,West,243.811,638705.71,1430239.47,2.239277726,0.918448194,-0.085069779,13.36719908
8/24/2014,8,2014,34,North,243.811,1362838.694,3135393.04,2.300634003,0.943613702,-0.058038411,14.12508036
8/24/2014,8,2014,34,South,243.811,1290574.971,2793830.7,2.164795353,0.887898968,-0.118897317,14.07059839
8/24/2014,8,2014,34,West,243.811,649965.58,1453444.94,2.236187553,0.917180748,-0.086450718,13.38467469
8/31/2014,8,2014,35,North,244.63,1279223.811,2925939.69,2.287277382,0.934994638,-0.067214485,14.06176405
8/31/2014,8,2014,35,South,244.63,1247516.61,2690331.84,2.156549916,0.881555784,-0.126066996,14.03666542
8/31/2014,8,2014,35,West,244.63,624631.18,1384955.65,2.217237458,0.906363675,-0.098314646,13.34491664
9/7/2014,9,2014,36,North,244.63,1349635.21,3073619.94,2.27737089,0.930945056,-0.07155502,14.1153449
9/7/2014,9,2014,36,South,244.63,1249616.47,2707367.71,2.16655892,0.885647272,-0.121436521,14.03834724
9/7/2014,9,2014,36,West,244.63,620958.197,1380906.27,2.223831293,0.909059107,-0.095345163,13.33901904
9/14/2014,9,2014,37,North,244.63,1337619.486,3039597.59,2.272393324,0.928910323,-0.073743075,14.10640209
9/14/2014,9,2014,37,South,244.63,1281659.82,2762035.44,2.155045666,0.880940876,-0.126764765,14.06366653
9/14/2014,9,2014,37,West,244.63,645442.388,1442240.57,2.234499309,0.913419985,-0.090559499,13.37769123
9/21/2014,9,2014,38,North,244.63,1400014.366,3219994.22,2.29997227,0.940184062,-0.061679612,14.15199306
9/21/2014,9,2014,38,South,244.63,1271935.6,2792377.15,2.195376205,0.897427218,-0.108223256,14.05605039
9/21/2014,9,2014,38,West,244.63,680418.447,1497838.47,2.201349003,0.899868783,-0.105506323,13.43046325
9/28/2014,9,2014,39,North,244.63,530184.553,1236805.12,2.33278226,0.953596149,-0.047515021,13.18098044
9/28/2014,9,2014,39,North,245.166,833870.182,1978631.68,2.372829396,0.967846029,-0.032682265,13.63383301
9/28/2014,9,2014,39,South,244.63,525435.42,1154512.04,2.197248217,0.898192461,-0.107370912,13.17198257
9/28/2014,9,2014,39,South,245.166,756330.83,1698344.41,2.245504669,0.915911941,-0.087835053,13.53623417
9/28/2014,9,2014,39,West,244.63,257712.514,572012.99,2.219577859,0.907320385,-0.097259655,12.45959996
9/28/2014,9,2014,39,West,245.166,415565.188,928412.61,2.234096206,0.911258578,-0.092928582,12.93739477
10/5/2014,10,2014,40,North,245.166,1357937.575,3202657.06,2.358471493,0.961989629,-0.038751609,14.12147762
10/5/2014,10,2014,40,South,245.166,1286547.978,2872234.37,2.232512443,0.910612582,-0.093637739,14.0674732
10/5/2014,10,2014,40,West,245.166,629458.832,1443225.46,2.292803574,0.935204545,-0.066990009,13.35261573
10/12/2014,10,2014,41,North,245.166,1302363.863,3028834.76,2.325644043,0.948599742,-0.052768338,14.07969153
10/12/2014,10,2014,41,South,245.166,1257860.34,2799662.75,2.225734178,0.907847817,-0.096678517,14.04492269
10/12/2014,10,2014,41,West,245.166,595401.704,1359270.1,2.282946271,0.93118388,-0.071298513,13.29699159
10/19/2014,10,2014,42,North,245.166,1285102.787,2853470.72,2.220422171,0.905681118,-0.099068001,14.06634926
10/19/2014,10,2014,42,South,245.166,1223883.545,2648572.08,2.164071975,0.882696612,-0.124773726,14.01753959
10/19/2014,10,2014,42,West,245.166,558103.46,1261627.22,2.260561545,0.922053444,-0.081152092,13.23229964
10/26/2014,10,2014,43,North,245.166,1210480.674,2553910.63,2.109831809,0.860572758,-0.150157113,14.00652809
10/26/2014,10,2014,43,North,245.192,34515.55,69600.81,2.016505894,0.822419122,-0.195505133,10.44916523
10/26/2014,10,2014,43,South,245.166,1122793.51,2312296.71,2.059414032,0.840008008,-0.174343854,13.93133034
10/26/2014,10,2014,43,South,245.192,58719.96,123181.87,2.097785319,0.855568419,-0.155989213,10.98053498
10/26/2014,10,2014,43,West,245.166,533768.27,1136639.75,2.129462941,0.86858004,-0.140895539,13.18771707
10/26/2014,10,2014,43,West,245.192,36297.58,72937.11,2.009420738,0.819529486,-0.199024901,10.49950635
11/2/2014,11,2014,44,North,245.192,1266364.723,2537543.55,2.003801515,0.817237722,-0.201825257,14.05166093
11/2/2014,11,2014,44,South,245.192,1204906.03,2376191.63,1.972097052,0.804307258,-0.217773921,14.00191214
11/2/2014,11,2014,44,West,245.192,557724.18,1148901.76,2.059981979,0.840150567,-0.174174156,13.23161982
11/9/2014,11,2014,45,North,245.192,1319925.841,2580150.75,1.95476948,0.797240318,-0.226599118,14.09308611
11/9/2014,11,2014,45,South,245.192,1267715.371,2439106.17,1.924017193,0.784698193,-0.242456103,14.05272692
11/9/2014,11,2014,45,West,245.192,577316.7,1164270.41,2.016692762,0.822495335,-0.195412468,13.26614627
11/16/2014,11,2014,46,North,245.192,1245609.697,2381883.93,1.912223336,0.779888143,-0.248604776,14.03513568
11/16/2014,11,2014,46,South,245.192,1188484.551,2238878.21,1.883809266,0.768299645,-0.263575459,13.98818957
11/16/2014,11,2014,46,West,245.192,554065.41,1097117.53,1.980122762,0.807580493,-0.213712547,13.22503803
11/23/2014,11,2014,47,North,245.192,1035029.055,1961476.1,1.89509279,0.772901559,-0.257603588,13.84994006
11/23/2014,11,2014,47,South,245.192,988629.43,1813432.51,1.834289426,0.748103293,-0.290214218,13.80407485
11/23/2014,11,2014,47,West,245.192,472788.81,930238.04,1.967555112,0.802454857,-0.220079679,13.06640408
11/30/2014,11,2014,48,North,245.976,1282252.182,2460891.39,1.919194543,0.780236504,-0.248158195,14.06412861
11/30/2014,11,2014,48,South,245.976,1240872.3,2306368.55,1.858667125,0.755629462,-0.280204153,14.03132516
11/30/2014,11,2014,48,West,245.976,551344.566,1090959.02,1.978724535,0.804438049,-0.217611321,13.22011524
12/7/2014,12,2014,49,North,245.976,1307660.28,2498264.68,1.910484488,0.776695486,-0.252706916,14.08375005
12/7/2014,12,2014,49,South,245.976,1303598.48,2390820.63,1.834016123,0.745607751,-0.293555619,14.08063906
12/7/2014,12,2014,49,West,245.976,595152.892,1160925.88,1.950634695,0.793018301,-0.23190898,13.29657361
12/14/2014,12,2014,50,North,245.976,1329671.91,2474791.82,1.861204859,0.756661162,-0.278839732,14.10044279
12/14/2014,12,2014,50,South,245.976,1291755.16,2308275.94,1.786929916,0.72646515,-0.319564767,14.07151244
12/14/2014,12,2014,50,West,245.976,565344.864,1097365.24,1.941054584,0.789123567,-0.236832359,13.2451912
12/21/2014,12,2014,51,North,245.976,1020695.39,1830555.65,1.793439716,0.729111668,-0.315928379,13.83599471
12/21/2014,12,2014,51,South,245.976,996759.55,1723251.86,1.728854125,0.702854801,-0.35260495,13.81226485
12/21/2014,12,2014,51,West,245.976,494025.039,908467.82,1.838910477,0.74759752,-0.29089052,13.11034148
12/28/2014,12,2014,52,North,245.976,777084.76,1379416.42,1.775117067,0.72166271,-0.32619741,13.56330471
12/28/2014,12,2014,52,North,246.538,353818.75,633617.96,1.790798142,0.726378141,-0.319684544,12.77654006
12/28/2014,12,2014,52,South,245.976,703664.85,1215615.89,1.727549543,0.702324431,-0.353359829,13.46405746
12/28/2014,12,2014,52,South,246.538,428470.09,736089.75,1.71794897,0.69682928,-0.361214834,12.96797621
12/28/2014,12,2014,52,West,245.976,339586.918,610690.46,1.798333292,0.73110112,-0.313203497,12.73548521
12/28/2014,12,2014,52,West,246.538,215790.45,395829.91,1.83432543,0.744033549,-0.295669153,12.28206308
1/4/2015,1,2015,1,North,246.538,1232388.24,2116183.93,1.717140639,0.696501407,-0.361685466,14.0244645
1/4/2015,1,2015,1,South,246.538,1247439.673,2118675.77,1.698419423,0.688907764,-0.372647886,14.03660375
1/4/2015,1,2015,1,West,246.538,583550.28,1053851.8,1.805931444,0.732516466,-0.31126946,13.2768859
1/11/2015,1,2015,2,North,246.538,1253080.254,2145909.07,1.71250729,0.694622042,-0.364387406,14.04111528
1/11/2015,1,2015,2,South,246.538,1268706.155,2147346.64,1.692548453,0.686526399,-0.3761106,14.05350816
1/11/2015,1,2015,2,West,246.538,596926.22,1068534.44,1.790061157,0.726079208,-0.320096169,13.2995488
1/18/2015,1,2015,3,North,246.538,1341626.679,2340167.6,1.744276285,0.707508086,-0.34600622,14.10939338
1/18/2015,1,2015,3,South,246.538,1317614.57,2292876.14,1.74017212,0.705843367,-0.348361926,14.09133352
1/18/2015,1,2015,3,West,246.538,642743.224,1150452.74,1.789910336,0.726018032,-0.320180427,13.37350058
1/25/2015,1,2015,4,North,246.538,1261179.938,2265318.66,1.796189895,0.728565128,-0.316678258,14.0475583
1/25/2015,1,2015,4,South,246.538,1327122.85,2363156.78,1.780661662,0.722266613,-0.325360938,14.09852389
1/25/2015,1,2015,4,West,246.538,635316.18,1182572.43,1.861391961,0.755012193,-0.28102138,13.36187808
2/1/2015,2,2015,5,North,246.68,1239638.04,2277004.48,1.836830112,0.744620607,-0.294880443,14.03032999
2/1/2015,2,2015,5,South,246.68,1340022.09,2434555.04,1.816802169,0.736501609,-0.305843858,14.10819666
2/1/2015,2,2015,5,West,246.68,609292.844,1161615.51,1.906497871,0.772862766,-0.25765378,13.32005429
2/8/2015,2,2015,6,North,246.68,1313855.63,2454281.69,1.867999523,0.757256171,-0.27805368,14.0884766
2/8/2015,2,2015,6,South,246.68,1452171.9,2648007.42,1.823480691,0.739208972,-0.302174622,14.18857086
2/8/2015,2,2015,6,West,246.68,653639.582,1267559.65,1.93923331,0.786133172,-0.24062907,13.39031138
2/15/2015,2,2015,7,North,246.68,1203238.004,2204751.79,1.832348864,0.742803983,-0.297323088,14.00052682
2/15/2015,2,2015,7,South,246.68,1299148.59,2344120.05,1.804350994,0.731454108,-0.312720797,14.07721968
2/15/2015,2,2015,7,West,246.68,613651.523,1177643.84,1.919075886,0.777961685,-0.251078004,13.32718249
2/22/2015,2,2015,8,North,246.68,1237292.464,2209901.92,1.786078865,0.724046889,-0.322899125,14.02843605
2/22/2015,2,2015,8,South,246.68,1255345.53,2229843.88,1.776278982,0.720074178,-0.328401047,14.04292142
2/22/2015,2,2015,8,West,246.68,637162.832,1181598.5,1.854468655,0.751770981,-0.285323549,13.36478053
3/1/2015,3,2015,9,North,246.045,1296448.7,2313896.73,1.784796213,0.725394222,-0.321040018,14.07513932
3/1/2015,3,2015,9,South,246.045,1337705.78,2358667.86,1.76321871,0.716624483,-0.333203309,14.1064666
3/1/2015,3,2015,9,West,246.045,668825.59,1235308.62,1.846981692,0.750668249,-0.286791471,13.4132786
3/8/2015,3,2015,10,North,246.045,1361534.958,2394231.55,1.758479675,0.714698399,-0.335894646,14.12412327
3/8/2015,3,2015,10,South,246.045,1383108.23,2437674.72,1.762461293,0.716316647,-0.333632966,14.13984386
3/8/2015,3,2015,10,West,246.045,673459.754,1246044.1,1.850213161,0.751981613,-0.285043406,13.42018352
3/15/2015,3,2015,11,North,246.045,1434131.525,2500794.31,1.74376915,0.708719604,-0.344295312,14.17607001
3/15/2015,3,2015,11,South,246.045,1439132.58,2515420.58,1.747872722,0.710387418,-0.341944799,14.17955112
3/15/2015,3,2015,11,West,246.045,677011.72,1239558.63,1.830926398,0.7441429,-0.295522193,13.42544386
3/22/2015,3,2015,12,North,246.045,1423622.53,2586618.93,1.816927504,0.738453333,-0.30319737,14.16871526
3/22/2015,3,2015,12,South,246.045,1479496.554,2628487.96,1.776609721,0.722066988,-0.325637363,14.20721242
3/22/2015,3,2015,12,West,246.045,716127.974,1369578.98,1.912477978,0.777287886,-0.251944488,13.48161416
3/29/2015,3,2015,13,North,246.045,586243.16,1098419.47,1.873658483,0.761510489,-0.272451332,13.28148993
3/29/2015,3,2015,13,North,246.121,822452.013,1582994.17,1.924725267,0.782023991,-0.24586986,13.62004542
3/29/2015,3,2015,13,South,246.045,620681.2,1122257.59,1.808106303,0.734868135,-0.308064204,13.33857286
3/29/2015,3,2015,13,South,246.121,851661.39,1588399.83,1.865060279,0.757781855,-0.277359725,13.6549443
3/29/2015,3,2015,13,West,246.045,275805.51,519024.87,1.881850983,0.764840164,-0.268088402,12.52745122
3/29/2015,3,2015,13,West,246.121,410764.63,802093.51,1.952683974,0.793383731,-0.231448276,12.92577565
4/5/2015,4,2015,14,North,246.121,1312492.594,2530909.78,1.928323094,0.783485803,-0.244002337,14.08743863
4/5/2015,4,2015,14,South,246.121,1425007.59,2681629.85,1.881835486,0.764597692,-0.268405476,14.1696877
4/5/2015,4,2015,14,West,246.121,630118.49,1244159.91,1.97448564,0.80224184,-0.22034517,13.35366316
4/12/2015,4,2015,15,North,246.121,1468315.128,2850454.34,1.941309659,0.788762299,-0.237290272,14.19962613
4/12/2015,4,2015,15,South,246.121,1441772.62,2742380.58,1.902089513,0.772826989,-0.257700074,14.1813839
4/12/2015,4,2015,15,West,246.121,648837.146,1289922.84,1.988053317,0.807754445,-0.213497172,13.38293703
4/19/2015,4,2015,16,North,246.121,1535110.288,2989483.03,1.947406029,0.79123928,-0.234154853,14.24411279
4/19/2015,4,2015,16,South,246.121,1429696.46,2705832.38,1.892592208,0.768968194,-0.262705671,14.17297271
4/19/2015,4,2015,16,West,246.121,696201.8,1359971.23,1.953415274,0.793680862,-0.231073836,13.45339484
4/26/2015,4,2015,17,North,246.121,1250744.834,2413500.34,1.929650457,0.784025116,-0.243314223,14.0392498
4/26/2015,4,2015,17,North,246.187,415198.108,823556.27,1.983526067,0.805698947,-0.216045121,12.93651105
4/26/2015,4,2015,17,South,246.121,1048262.76,1986271.16,1.894821829,0.769874098,-0.261528287,13.86264484
4/26/2015,4,2015,17,South,246.187,424851.22,820873.66,1.932143822,0.784827721,-0.242291049,12.95949432
4/26/2015,4,2015,17,West,246.121,498839.711,975060.62,1.954657174,0.794185451,-0.230438279,13.1200401
4/26/2015,4,2015,17,West,246.187,206403.3,413063.1,2.001242713,0.812895365,-0.20715288,12.2375873
5/3/2015,5,2015,18,North,246.187,1776855.989,3611639.19,2.032600961,0.825632938,-0.191604989,14.39035606
5/3/2015,5,2015,18,South,246.187,1585310.24,3105367.22,1.958838807,0.795671099,-0.228569371,14.27629068
5/3/2015,5,2015,18,West,246.187,741046.946,1487745.38,2.007626356,0.815488371,-0.203968117,13.51581926
5/10/2015,5,2015,19,North,246.187,1608125.796,3396471.24,2.112068128,0.857912127,-0.153253601,14.29057996
5/10/2015,5,2015,19,South,246.187,1443213.05,2885462.48,1.999332309,0.812119368,-0.208107944,14.18238247
5/10/2015,5,2015,19,West,246.187,693898.01,1428261.09,2.058315587,0.836078098,-0.179033252,13.45008027
5/17/2015,5,2015,20,North,246.187,1604469.574,3386923.16,2.110930126,0.857449876,-0.153792555,14.28830378
5/17/2015,5,2015,20,South,246.187,1441985.52,2911784.16,2.019288072,0.820225305,-0.198176214,14.18153156
5/17/2015,5,2015,20,West,246.187,700421.146,1453869.85,2.075708105,0.843142857,-0.170618873,13.45943707
5/24/2015,5,2015,21,North,246.187,1432656.904,3057380.22,2.13406309,0.866846377,-0.142893507,14.17504125
5/24/2015,5,2015,21,South,246.187,1314560.95,2653783.5,2.018760332,0.82001094,-0.198437598,14.08901329
5/24/2015,5,2015,21,West,246.187,622316.86,1301051.77,2.090658077,0.849215465,-0.163442338,13.34120466
5/31/2015,5,2015,22,North,246.68,1488314.999,3148052.19,2.115178704,0.857458531,-0.153782462,14.21315516
5/31/2015,5,2015,22,South,246.68,1327914.079,2665279.48,2.00711742,0.81365227,-0.206222191,14.09911991
5/31/2015,5,2015,22,West,246.68,631036.6,1319575.76,2.09112397,0.847707139,-0.165220058,13.35511914
6/7/2015,6,2015,23,North,246.68,1501003.575,3148445.43,2.097560247,0.850316299,-0.162146882,14.22164449
6/7/2015,6,2015,23,South,246.68,1348521.04,2691726.13,1.996057941,0.80916894,-0.211747558,14.11451902
6/7/2015,6,2015,23,West,246.68,621296.29,1295069.87,2.084464193,0.845007375,-0.168409923,13.33956336
6/14/2015,6,2015,24,North,246.68,1490891.28,3078017.36,2.064548503,0.836933883,-0.178010204,14.21488467
6/14/2015,6,2015,24,South,246.68,1340144.13,2625135.81,1.958845882,0.794083785,-0.2305663,14.10828773
6/14/2015,6,2015,24,West,246.68,636321.65,1303344.02,2.048247172,0.830325593,-0.185937375,13.36345945
6/21/2015,6,2015,25,North,246.68,1471756.294,3003996.68,2.04109654,0.827426845,-0.189434581,14.201967
6/21/2015,6,2015,25,South,246.68,1315120.82,2553416.87,1.941583489,0.787085896,-0.239417893,14.0894391
6/21/2015,6,2015,25,West,246.68,624987.781,1260362.8,2.016619906,0.817504421,-0.201498968,13.34548738
6/28/2015,6,2015,26,North,246.68,579311.214,1129663.32,1.950011139,0.790502326,-0.235086679,13.26959511
6/28/2015,6,2015,26,North,247.003,786277.66,1574453.18,2.002413727,0.81068397,-0.20987698,13.57506527
6/28/2015,6,2015,26,South,246.68,519299.31,979123.77,1.885470963,0.764338804,-0.268744127,13.1602357
6/28/2015,6,2015,26,South,247.003,705374.79,1372935.51,1.94639152,0.78800319,-0.23825314,13.46648456
6/28/2015,6,2015,26,West,246.68,246284.065,473652.08,1.923194178,0.779631173,-0.248934326,12.41424088
6/28/2015,6,2015,26,West,247.003,352089.489,712379.55,2.023291158,0.819136269,-0.199504824,12.77164065
7/5/2015,7,2015,27,North,247.003,1407833.945,2864946.15,2.035002892,0.823877804,-0.193733056,14.15756287
7/5/2015,7,2015,27,South,247.003,1238091.187,2368792.91,1.913262072,0.774590621,-0.25542062,14.02908139
7/5/2015,7,2015,27,West,247.003,607694.836,1186220.89,1.952000938,0.790274182,-0.235375328,13.31742812
7/12/2015,7,2015,28,North,247.003,1481635.149,2960971.7,1.998448607,0.809078678,-0.211859113,14.20865687
7/12/2015,7,2015,28,South,247.003,1293231.37,2474885.48,1.913722121,0.774776873,-0.255180196,14.07265458
7/12/2015,7,2015,28,West,247.003,648452.415,1271515.73,1.960846626,0.793855389,-0.230853964,13.3823439
7/19/2015,7,2015,29,North,247.003,1474862.555,2908412.59,1.971988902,0.798366377,-0.225187668,14.20407536
7/19/2015,7,2015,29,South,247.003,1279086.01,2425136.98,1.895992108,0.767598818,-0.264488055,14.06165633
7/19/2015,7,2015,29,West,247.003,649240.98,1257058.21,1.936196649,0.783875762,-0.243504738,13.38355924
7/26/2015,7,2015,30,North,247.003,1440282.715,2768821.18,1.922415059,0.778296239,-0.250648058,14.18034998
7/26/2015,7,2015,30,North,247.671,42533.6,88542.57,2.081708814,0.840513752,-0.173741965,10.65804963
7/26/2015,7,2015,30,South,247.003,1252636.42,2288664.84,1.827078315,0.739698836,-0.301512154,14.04076102
7/26/2015,7,2015,30,South,247.671,69737.02,137018.58,1.96478972,0.79330633,-0.23154584,11.15248659
7/26/2015,7,2015,30,West,247.003,614266.152,1174558.39,1.912132691,0.774133387,-0.256011085,13.32818359
7/26/2015,7,2015,30,West,247.671,42070.41,83385.82,1.982053895,0.800276938,-0.222797439,10.64709992
8/2/2015,8,2015,31,North,247.671,1503803.994,2880512.73,1.91548416,0.773398646,-0.256960651,14.22350845
8/2/2015,8,2015,31,South,247.671,1347100.88,2455843.79,1.82305856,0.736080752,-0.306415449,14.11346534
8/2/2015,8,2015,31,West,247.671,690756.786,1292339.59,1.870903936,0.75539887,-0.280509364,13.44554307
8/9/2015,8,2015,32,North,247.671,1552750.76,2986378.28,1.923282446,0.776547293,-0.252897733,14.2555386
8/9/2015,8,2015,32,South,247.671,1379343.86,2527755.49,1.832578201,0.739924416,-0.301207238,14.13711848
8/9/2015,8,2015,32,West,247.671,692188.01,1301227.4,1.879875671,0.759021311,-0.275725424,13.44761289
8/16/2015,8,2015,33,North,247.671,1598828.71,3148485.38,1.969244961,0.795105184,-0.229280866,14.28478186
8/16/2015,8,2015,33,South,247.671,1372283.03,2571361.01,1.873783289,0.756561442,-0.27897153,14.13198636
8/16/2015,8,2015,33,West,247.671,668418.703,1288268.84,1.92733811,0.778184814,-0.250791233,13.41267006
8/23/2015,8,2015,34,North,247.671,1506055.978,3107523.91,2.063352196,0.833102057,-0.182599127,14.22500486
8/23/2015,8,2015,34,South,247.671,1379859.73,2611395.12,1.892507668,0.764121624,-0.269028308,14.13749241
8/23/2015,8,2015,34,West,247.671,655874.215,1277247.18,1.947396545,0.786283636,-0.240437691,13.3937243
8/30/2015,8,2015,35,North,247.671,271820.81,548729.12,2.018716374,0.815079833,-0.204469215,12.51289834
8/30/2015,8,2015,35,North,248.632,1214791.873,2485331.6,2.045890868,0.822859032,-0.194970379,14.01008332
8/30/2015,8,2015,35,South,247.671,275069.67,520222.33,1.891238427,0.763609154,-0.2696992,12.52477969
8/30/2015,8,2015,35,South,248.632,1061877.03,2015050.96,1.897631179,0.76322886,-0.270197345,13.87554868
8/30/2015,8,2015,35,West,247.671,106747.07,208189.64,1.95030777,0.787459077,-0.238943876,11.57821748
8/30/2015,8,2015,35,West,248.632,512097.207,1033798.23,2.018753893,0.811944517,-0.208323269,13.14626974
9/6/2015,9,2015,36,North,248.632,1356037.554,2723240.48,2.008233822,0.807713336,-0.213548065,14.12007744
9/6/2015,9,2015,36,South,248.632,1262086.92,2381336.55,1.886824522,0.758882414,-0.275908437,14.04827719
9/6/2015,9,2015,36,West,248.632,579152.816,1158296.42,1.999984094,0.804395289,-0.217664478,13.26932165
9/13/2015,9,2015,37,North,248.632,1394547.005,2741855.48,1.966126255,0.790777637,-0.234738467,14.14808019
9/13/2015,9,2015,37,South,248.632,1292762.91,2399708.83,1.856263675,0.746590815,-0.292238015,14.07229228
9/13/2015,9,2015,37,West,248.632,580177.32,1150096.02,1.98231813,0.797290023,-0.226536773,13.27108906
9/20/2015,9,2015,38,North,248.632,1370125.604,2635295.6,1.92339709,0.773591931,-0.256710765,14.13041298
9/20/2015,9,2015,38,South,248.632,1286684.19,2355965.2,1.831036099,0.736444263,-0.305921725,14.06757907
9/20/2015,9,2015,38,West,248.632,593482.374,1142216.69,1.924600864,0.77407609,-0.256085103,13.29376279
9/27/2015,9,2015,39,North,248.632,767340.422,1417457.27,1.847233939,0.742959047,-0.297114354,13.55068582
9/27/2015,9,2015,39,North,249.052,568388.808,1078660.76,1.897751583,0.7619901,-0.271821716,13.25056098
9/27/2015,9,2015,39,South,248.632,689240.29,1213025.62,1.759945896,0.707851723,-0.345520638,13.44334524
9/27/2015,9,2015,39,South,249.052,594592.877,1074471.41,1.807070773,0.725579708,-0.320784347,13.29563221
9/27/2015,9,2015,39,West,248.632,310662.45,571320.17,1.839038384,0.739662788,-0.301560888,12.64646223
9/27/2015,9,2015,39,West,249.052,262467.29,506360.57,1.929233048,0.774630619,-0.255368984,12.47788174
10/4/2015,10,2015,40,North,249.052,1384433.574,2485923.43,1.795624923,0.72098394,-0.327138416,14.14080164
10/4/2015,10,2015,40,South,249.052,1294694.75,2239051.5,1.729404943,0.694395123,-0.364714138,14.07378551
10/4/2015,10,2015,40,West,249.052,583236.93,1060884.85,1.818960349,0.730353641,-0.314226423,13.27634878
10/11/2015,10,2015,41,North,249.052,1395018.577,2497195.26,1.790080291,0.718757645,-0.33023105,14.14841829
10/11/2015,10,2015,41,South,249.052,1327374.27,2225278.14,1.676451164,0.673132986,-0.395812367,14.09871332
10/11/2015,10,2015,41,West,249.052,591832.699,1035496.95,1.749644708,0.702521846,-0.353078781,13.29097927
10/18/2015,10,2015,42,North,249.052,1363923.778,2317296.25,1.698992486,0.682183835,-0.382456104,14.12587623
10/18/2015,10,2015,42,South,249.052,1335712.87,2184834.6,1.635706782,0.656773197,-0.420416531,14.10497569
10/18/2015,10,2015,42,West,249.052,617325.334,1037790.2,1.681107421,0.675002578,-0.393038769,13.33315145
10/25/2015,10,2015,43,North,249.052,1311302.479,2158849.72,1.646339998,0.661042673,-0.413936883,14.08653146
10/25/2015,10,2015,43,South,249.052,1309849.25,2073921.51,1.583328394,0.635742092,-0.452962314,14.08542261
10/25/2015,10,2015,43,West,249.052,587900.49,979100.11,1.665418088,0.668702957,-0.402415328,13.28431298
11/1/2015,11,2015,44,North,248.306,1354383.398,2216850.63,1.636796961,0.659185425,-0.416750411,14.11885685
11/1/2015,11,2015,44,South,248.306,1321890.956,2092339.28,1.582838033,0.637454605,-0.450272212,14.09457381
11/1/2015,11,2015,44,West,248.306,598905.91,994611.7,1.660714452,0.668817689,-0.402243768,13.30285979
11/8/2015,11,2015,45,North,248.306,1380290.698,2250946.97,1.630777468,0.656761201,-0.420434795,14.13780469
11/8/2015,11,2015,45,South,248.306,1339293.22,2121337.63,1.58392322,0.637891642,-0.44958685,14.10765259
11/8/2015,11,2015,45,West,248.306,620661.86,1015643.65,1.636388049,0.659020744,-0.417000267,13.3385417
11/15/2015,11,2015,46,North,248.306,1370615.87,2185571.82,1.594591065,0.642187891,-0.442874353,14.13077074
11/15/2015,11,2015,46,South,248.306,1333003.35,2076848.41,1.558021898,0.627460431,-0.466074668,14.10294511
11/15/2015,11,2015,46,West,248.306,604732.13,976069.37,1.61405244,0.650025549,-0.43074361,13.31254088
11/22/2015,11,2015,47,North,248.306,1113896.38,1755147.36,1.575682794,0.634572984,-0.454802972,13.92337468
11/22/2015,11,2015,47,South,248.306,1080282.09,1653614.62,1.530724831,0.616467114,-0.483750301,13.89273276
11/22/2015,11,2015,47,West,248.306,516494.411,842998.73,1.632154602,0.657315813,-0.419590687,13.15481975
11/29/2015,11,2015,48,North,247.903,1080052.15,1765558.94,1.634697862,0.659410278,-0.416409362,13.89251988
11/29/2015,11,2015,48,North,248.306,232660.52,380082.79,1.633636811,0.657912741,-0.418682969,12.35733567
11/29/2015,11,2015,48,South,247.903,1047789.99,1645093.75,1.570060571,0.633336656,-0.456753156,13.86219373
11/29/2015,11,2015,48,South,248.306,256785.35,398542.81,1.552046524,0.625053976,-0.469917272,12.4559958
11/29/2015,11,2015,48,West,247.903,492732.135,809482.83,1.64284562,0.66269695,-0.411437482,13.10772097
11/29/2015,11,2015,48,West,248.306,100698.65,157649.29,1.565555149,0.630494289,-0.461251182,11.51988767
12/6/2015,12,2015,49,North,247.903,1448789.88,2335814.48,1.612252068,0.650356013,-0.430235353,14.1862392
12/6/2015,12,2015,49,South,247.903,1408538.73,2203432.19,1.564339086,0.631028703,-0.460403929,14.15806336
12/6/2015,12,2015,49,West,247.903,633077.715,1029796.74,1.626651382,0.65616446,-0.42134382,13.35834847
12/13/2015,12,2015,50,North,247.903,1446169.54,2319903.93,1.604171479,0.647096437,-0.435259944,14.18442892
12/13/2015,12,2015,50,South,247.903,1407473.06,2162206.09,1.536232665,0.619691034,-0.478534257,14.1573065
12/13/2015,12,2015,50,West,247.903,631319.25,1011663.15,1.602458899,0.64640561,-0.436328093,13.35556696
12/20/2015,12,2015,51,North,247.903,1126456.184,1759247.25,1.561753821,0.62998585,-0.46205792,13.93458714
12/20/2015,12,2015,51,South,247.903,1100560.254,1651954.26,1.501012102,0.605483637,-0.50172774,13.91132993
12/20/2015,12,2015,51,West,247.903,532426.51,827542.7,1.554285304,0.626973173,-0.466851526,13.18520016
12/27/2015,12,2015,52,North,247.903,1094198.299,1711454.47,1.564117283,0.630939231,-0.460545726,13.90553251
12/27/2015,12,2015,52,North,248.631,46704.55,80141.35,1.715921682,0.690147923,-0.370849323,10.75159687
12/27/2015,12,2015,52,South,247.903,1072030.33,1618291.71,1.509557766,0.608930818,-0.496050617,13.88506491
12/27/2015,12,2015,52,South,248.631,126894.81,202359.4,1.594701942,0.641393045,-0.444112835,11.75111375
12/27/2015,12,2015,52,West,247.903,478803.926,747597.73,1.561385965,0.629837463,-0.462293489,13.07904645
12/27/2015,12,2015,52,West,248.631,102516.79,166742.34,1.62648811,0.65417752,-0.424376527,11.53778187
1/3/2016,1,2016,1,North,248.631,1304182.004,2022958.26,1.551131862,0.623869052,-0.471814786,14.08108659
1/3/2016,1,2016,1,South,248.631,1335115.85,2002071.72,1.499549062,0.603122322,-0.505635246,14.10452863
1/3/2016,1,2016,1,West,248.631,614375.275,963883.37,1.568883725,0.631008895,-0.46043532,13.32836122
1/10/2016,1,2016,2,North,248.631,1316153.583,2046683.84,1.5550494,0.625444695,-0.46929237,14.09022409
1/10/2016,1,2016,2,South,248.631,1364745,2060225.99,1.509605084,0.607166879,-0.498951601,14.12647816
1/10/2016,1,2016,2,West,248.631,619231.669,984985.36,1.590657276,0.639766271,-0.446652372,13.33623474
1/17/2016,1,2016,3,North,248.631,1310636.88,2042953.68,1.558748812,0.626932608,-0.466916228,14.08602374
1/17/2016,1,2016,3,South,248.631,1369021.93,2071272.17,1.512957627,0.60851528,-0.496733255,14.12960712
1/17/2016,1,2016,3,West,248.631,635894.604,1006783.57,1.583255407,0.636789221,-0.451316572,13.36278811
1/24/2016,1,2016,4,North,248.631,1221457.45,1970551.2,1.613278629,0.648864634,-0.43253116,14.01555533
1/24/2016,1,2016,4,South,248.631,1357917.63,2059282.2,1.516500084,0.609940065,-0.49439458,14.12146293
1/24/2016,1,2016,4,West,248.631,637047.84,1034866.69,1.624472489,0.653366832,-0.425616543,13.36460003
1/31/2016,1,2016,5,North,248.8,1380896.828,2256752.69,1.634265967,0.656859312,-0.420285421,14.13824372
1/31/2016,1,2016,5,South,248.8,1518173.324,2422554.43,1.595703463,0.641359913,-0.444164493,14.23301841
1/31/2016,1,2016,5,West,248.631,142.52,795.79,5.58370755,2.245780916,0.809053308,4.959482341
1/31/2016,1,2016,5,West,248.8,638665.84,1061820.73,1.662560706,0.668231795,-0.403120167,13.36713665
2/7/2016,2,2016,6,North,248.8,1324246.479,2173806.14,1.641541944,0.65978374,-0.415843165,14.09635416
2/7/2016,2,2016,6,South,248.8,1470113.243,2300872.67,1.565098934,0.629059057,-0.463530136,14.20084999
2/7/2016,2,2016,6,West,248.8,644407.841,1084044.66,1.682233814,0.676138993,-0.391356614,13.3760871
2/14/2016,2,2016,7,North,248.8,1285530.958,2064312.58,1.60580542,0.645420185,-0.437853725,14.06668239
2/14/2016,2,2016,7,South,248.8,1471584.6,2288031.14,1.554807749,0.624922729,-0.470127271,14.20185034
2/14/2016,2,2016,7,West,248.8,641955.29,1070594.71,1.667709148,0.670301105,-0.400028258,13.37227394
2/21/2016,2,2016,8,North,248.8,1339182.939,2140848.73,1.598623062,0.642533385,-0.442336503,14.10757024
2/21/2016,2,2016,8,South,248.8,1494071.82,2329093.78,1.558890107,0.626563548,-0.467505076,14.21701572
2/21/2016,2,2016,8,West,248.8,648773.105,1087708.86,1.67656281,0.67385965,-0.394733424,13.38283833
2/28/2016,2,2016,9,North,247.978,1141561.973,1787246.41,1.565614879,0.631352329,-0.459891206,13.94790803
2/28/2016,2,2016,9,North,248.8,239123.03,375689.38,1.57111333,0.631476419,-0.459694679,12.38473347
2/28/2016,2,2016,9,South,247.978,1209573.21,1848102.36,1.52789624,0.616141851,-0.484278064,14.00577814
2/28/2016,2,2016,9,South,248.8,326684.8,500754.22,1.532835994,0.616091637,-0.484359565,12.69675107
2/28/2016,2,2016,9,West,247.978,541626.04,905476.75,1.671774773,0.674162536,-0.394284046,13.20233108
2/28/2016,2,2016,9,West,248.8,118078.61,187253.09,1.585834132,0.63739314,-0.45036864,11.67910587
3/6/2016,3,2016,10,North,247.978,1408163.205,2178710.11,1.547199999,0.623926316,-0.471723001,14.15779672
3/6/2016,3,2016,10,South,247.978,1531141.73,2307952.24,1.507340695,0.60785259,-0.497822877,14.24152424
3/6/2016,3,2016,10,West,247.978,638572.767,1048886.42,1.642547998,0.6623765,-0.411921153,13.36699091
3/13/2016,3,2016,11,North,247.978,1433686.22,2223005.46,1.550552296,0.625278168,-0.469558659,14.17575946
3/13/2016,3,2016,11,South,247.978,1568171.611,2350642.28,1.498970051,0.604477031,-0.503391607,14.26542092
3/13/2016,3,2016,11,West,247.978,676290.712,1090273.83,1.612137814,0.650113241,-0.430608714,13.42437831
3/20/2016,3,2016,12,North,247.978,1458335.187,2314202.03,1.586879375,0.639927483,-0.446400416,14.19280606
3/20/2016,3,2016,12,South,247.978,1604448.87,2436870.03,1.518820622,0.612482003,-0.49023572,14.28829087
3/20/2016,3,2016,12,West,247.978,687860.956,1187273.99,1.726037769,0.696044717,-0.362341372,13.441342
3/27/2016,3,2016,13,North,247.978,1041892.118,1690112.62,1.622157026,0.654153605,-0.424413085,13.85654896
3/27/2016,3,2016,13,North,248.413,332650.69,571565.46,1.718215164,0.69167683,-0.368636441,12.71484824
3/27/2016,3,2016,13,South,247.978,1076978.49,1696498.71,1.575239177,0.635233439,-0.453762728,13.88966998
3/27/2016,3,2016,13,South,248.413,450014.37,728773.97,1.619445997,0.651916766,-0.427838384,13.01703479
3/27/2016,3,2016,13,West,247.978,459574.07,759745.38,1.653151101,0.666652325,-0.405486621,13.0380554
3/27/2016,3,2016,13,West,248.413,182182.74,330096.47,1.811897603,0.729389204,-0.315547802,12.11276553
4/3/2016,4,2016,14,North,248.413,1470363.63,2483671,1.689154267,0.679978209,-0.385694528,14.2010203
4/3/2016,4,2016,14,South,248.413,1591647,2560054.99,1.608431386,0.647482775,-0.434663088,14.28027989
4/3/2016,4,2016,14,West,248.413,676396.304,1166602.36,1.724732015,0.694300224,-0.364850813,13.42453443
4/10/2016,4,2016,15,North,248.413,1477664.579,2530784.69,1.712692262,0.689453556,-0.371855943,14.20597341
4/10/2016,4,2016,15,South,248.413,1566828.31,2529297.67,1.614278765,0.649836669,-0.431034226,14.26456395
4/10/2016,4,2016,15,West,248.413,646619.556,1124023.79,1.738307757,0.699765212,-0.357010411,13.37951339
4/17/2016,4,2016,16,North,248.413,1518129.818,2601545.33,1.713651428,0.689839673,-0.371296066,14.23298975
4/17/2016,4,2016,16,South,248.413,1568223.403,2512757.98,1.602295933,0.645012915,-0.438484939,14.26545395
4/17/2016,4,2016,16,West,248.413,657978.67,1138927.34,1.730948725,0.696802794,-0.361252843,13.39692779
4/24/2016,4,2016,17,North,248.413,1541194.899,2659254.46,1.725449819,0.69458918,-0.364434716,14.24806858
4/24/2016,4,2016,17,South,248.413,1561604.455,2515894.67,1.611095987,0.648555424,-0.433007813,14.26122435
4/24/2016,4,2016,17,West,248.413,647701.361,1130039.52,1.744692212,0.702335309,-0.353344341,13.38118501
5/1/2016,5,2016,18,North,247.86,1761536.226,3033619.63,1.722144334,0.694805267,-0.364123665,14.38169684
5/1/2016,5,2016,18,South,247.86,1701907.741,2771600.23,1.628525544,0.657034432,-0.420018853,14.34726038
5/1/2016,5,2016,18,West,247.86,742227.76,1285407.63,1.731823706,0.698710444,-0.358518866,13.51741143
5/8/2016,5,2016,19,North,247.86,1597907.594,2887484.18,1.807040777,0.729057039,-0.316003307,14.28420558
5/8/2016,5,2016,19,South,247.86,1571018.19,2653527.64,1.689049597,0.681453077,-0.383527883,14.2672345
5/8/2016,5,2016,19,West,247.86,677322.46,1203195.06,1.776399176,0.716694576,-0.333105504,13.42590275
5/15/2016,5,2016,20,North,247.86,1592728.34,2936333.18,1.843586948,0.743801722,-0.295980782,14.28095904
5/15/2016,5,2016,20,South,247.86,1552502.369,2674684.62,1.722821603,0.695078513,-0.363730471,14.25537862
5/15/2016,5,2016,20,West,247.86,667389.481,1224160.53,1.834252059,0.740035528,-0.301057083,13.41112908
5/22/2016,5,2016,21,North,247.86,1587585.986,2931737.81,1.846663951,0.74504315,-0.294313143,14.27772517
5/22/2016,5,2016,21,South,247.86,1546774.1,2670628.71,1.726579667,0.696594717,-0.361551504,14.25168209
5/22/2016,5,2016,21,West,247.86,642636.1,1197949.13,1.864117391,0.752084802,-0.284906192,13.3733339
5/29/2016,5,2016,22,North,247.482,938851.124,1750502.7,1.864515742,0.753394486,-0.283166303,13.7524122
5/29/2016,5,2016,22,North,247.86,523983.778,930982.54,1.776739241,0.716831776,-0.332914087,13.169216
5/29/2016,5,2016,22,South,247.482,867694.96,1499417.27,1.728046536,0.698251403,-0.359176065,13.6735955
5/29/2016,5,2016,22,South,247.86,532624.59,891208.35,1.673239213,0.675074322,-0.392932488,13.18557212
5/29/2016,5,2016,22,West,247.482,371686.6,707311.22,1.902977455,0.768935702,-0.262747925,12.82580631
5/29/2016,5,2016,22,West,247.86,223636.918,400198.05,1.78949904,0.721979763,-0.32575817,12.31777911
6/5/2016,6,2016,23,North,247.482,1545501.39,2796732.27,1.809595441,0.731202852,-0.313064359,14.25085894
6/5/2016,6,2016,23,South,247.482,1451067.92,2452207.12,1.689932695,0.682850751,-0.381478964,14.18781034
6/5/2016,6,2016,23,West,247.482,635773.042,1163964.03,1.830785442,0.739765091,-0.301422588,13.36259693
6/12/2016,6,2016,24,North,247.482,1605967.648,2864930.48,1.783927891,0.72083137,-0.327350052,14.28923703
6/12/2016,6,2016,24,South,247.482,1518281.63,2540639.77,1.673365283,0.67615636,-0.391330928,14.23308975
6/12/2016,6,2016,24,West,247.482,649225.501,1177750.35,1.814085165,0.733017013,-0.310586367,13.38353539
6/19/2016,6,2016,25,North,247.482,1642145.684,2967654.52,1.807181025,0.730227259,-0.31439948,14.31151429
6/19/2016,6,2016,25,South,247.482,1506461.05,2529163.74,1.678877619,0.678383728,-0.38804218,14.22527378
6/19/2016,6,2016,25,West,247.482,637546.302,1160168.45,1.81973991,0.735301925,-0.307474082,13.36538218
6/26/2016,6,2016,26,North,247.482,1214309.84,2192372.21,1.805447125,0.729526643,-0.31535939,14.00968644
6/26/2016,6,2016,26,North,247.554,389816.62,756955.04,1.941823414,0.784403974,-0.242831118,12.8734317
6/26/2016,6,2016,26,South,247.482,1076071.658,1845568.81,1.715098429,0.693019464,-0.366697194,13.88882761
6/26/2016,6,2016,26,South,247.554,436239.1,774950.43,1.776435056,0.717594972,-0.331849976,12.98594577
6/26/2016,6,2016,26,West,247.482,459112.13,843013.41,1.836181958,0.74194566,-0.298479273,13.03704975
6/26/2016,6,2016,26,West,247.554,189086.97,369609.27,1.954705129,0.789607572,-0.236219201,12.14996235
7/3/2016,7,2016,27,North,247.554,1410335.986,2728067.88,1.934338985,0.781380622,-0.246692896,14.15933852
7/3/2016,7,2016,27,South,247.554,1362785.4,2421478.88,1.77686001,0.717766633,-0.331610787,14.12504125
7/3/2016,7,2016,27,West,247.554,599562.367,1139445.76,1.900462442,0.767696116,-0.264361307,13.30395528
7/10/2016,7,2016,28,North,247.554,1580087.257,3141957.52,1.988470894,0.803247329,-0.219092606,14.27299063
7/10/2016,7,2016,28,South,247.554,1495956.77,2704545.65,1.807903613,0.730306767,-0.314290605,14.21827654
7/10/2016,7,2016,28,West,247.554,642386.892,1242700.46,1.934504697,0.781447562,-0.246607231,13.37294604
7/17/2016,7,2016,29,North,247.554,1571258.14,3087466.28,1.964964382,0.793751821,-0.230984435,14.26738722
7/17/2016,7,2016,29,South,247.554,1525337.04,2746792.66,1.800777525,0.727428167,-0.318240024,14.23772595
7/17/2016,7,2016,29,West,247.554,636444.88,1245760.34,1.957373496,0.790685465,-0.234855032,13.36365309
7/24/2016,7,2016,30,North,247.554,1555156.302,3043203.1,1.9568471,0.790472826,-0.235123998,14.25708661
7/24/2016,7,2016,30,South,247.554,1468894.912,2649702.89,1.803875055,0.728679421,-0.316521395,14.20002092
7/24/2016,7,2016,30,West,247.554,635993.541,1243848.7,1.955756812,0.790032402,-0.23568132,13.36294369
7/31/2016,7,2016,31,North,247.719,1589731.18,3075053.96,1.934323236,0.780853804,-0.247367337,14.27907549
7/31/2016,7,2016,31,South,247.719,1544442.47,2774090.36,1.796175911,0.725086049,-0.321464942,14.25017354
7/31/2016,7,2016,31,West,247.719,676944.891,1299632.67,1.919850031,0.775011215,-0.254877779,13.42534515
8/7/2016,8,2016,32,North,247.719,1586070.629,3148133.89,1.98486362,0.801256109,-0.221574647,14.27677021
8/7/2016,8,2016,32,South,247.719,1576586.75,2842832.59,1.803156464,0.727903982,-0.317586133,14.27077278
8/7/2016,8,2016,32,West,247.719,666331.318,1300229.59,1.951325947,0.787717513,-0.238615739,13.4095423
8/14/2016,8,2016,33,North,247.719,1629021.965,3272473.53,2.00885783,0.810942168,-0.209558536,14.30349037
8/14/2016,8,2016,33,South,247.719,1580735.078,2892953.85,1.830132,0.738793552,-0.302736758,14.27340054
8/14/2016,8,2016,33,West,247.719,683375.677,1342284.6,1.964197213,0.792913427,-0.232041235,13.43480003
8/21/2016,8,2016,34,North,247.719,1624014.15,3394984.21,2.090489304,0.843895423,-0.169726698,14.30041151
8/21/2016,8,2016,34,South,247.719,1532396.87,2937948.37,1.917224204,0.773951213,-0.25624644,14.24234365
8/21/2016,8,2016,34,West,247.719,648596.355,1344135.78,2.072376401,0.836583549,-0.178428885,13.38256585
8/28/2016,8,2016,35,North,247.719,886343.27,1843476.87,2.079867848,0.83960772,-0.174820496,13.69485959
8/28/2016,8,2016,35,North,247.917,664337.51,1457625.71,2.194104184,0.885015624,-0.12214998,13.4065456
8/28/2016,8,2016,35,South,247.719,793839.02,1531836.06,1.929655788,0.778969634,-0.249783214,13.58463597
8/28/2016,8,2016,35,South,247.917,666739.04,1314962.28,1.972229315,0.795519999,-0.228759292,13.410154
8/28/2016,8,2016,35,West,247.719,334914.97,699202.51,2.087701574,0.842770064,-0.171061118,12.72163196
8/28/2016,8,2016,35,West,247.917,290927.195,636917.78,2.189268624,0.883065149,-0.1243563,12.58082833
9/4/2016,9,2016,36,North,247.917,1412744.41,3006004.63,2.127776694,0.858261714,-0.152846198,14.16104476
9/4/2016,9,2016,36,South,247.917,1351800.452,2661915.16,1.969162798,0.794283086,-0.23031535,14.11694793
9/4/2016,9,2016,36,West,247.917,590226.75,1264492.66,2.142384533,0.864153944,-0.14600435,13.28826206
9/11/2016,9,2016,37,North,247.917,1460490.494,3075989.82,2.106134776,0.849532213,-0.163069419,14.19428289
9/11/2016,9,2016,37,South,247.917,1382629.77,2702500.33,1.95460881,0.788412578,-0.23773375,14.13949787
9/11/2016,9,2016,37,West,247.917,570987.894,1226489.94,2.148013912,0.866424615,-0.143380173,13.25512329
9/18/2016,9,2016,38,North,247.917,1428184.184,2982565.19,2.088361728,0.842363262,-0.17154393,14.17191439
9/18/2016,9,2016,38,South,247.917,1358318.82,2647821.27,1.9493371,0.786286177,-0.24043446,14.12175833
9/18/2016,9,2016,38,West,247.917,580080.92,1221490.5,2.105724319,0.84936665,-0.163264324,13.27092289
9/25/2016,9,2016,39,North,247.917,1390029.371,2804638.37,2.017682812,0.813854158,-0.205974097,14.14483544
9/25/2016,9,2016,39,North,248.073,35941.55,76039.37,2.115639698,0.852829489,-0.159195647,10.48964929
9/25/2016,9,2016,39,South,247.917,1325157.67,2484004.48,1.874497304,0.756098736,-0.279583308,14.09704201
9/25/2016,9,2016,39,South,248.073,65448.97,132259.76,2.020807356,0.814601894,-0.205055759,11.08902603
9/25/2016,9,2016,39,West,247.917,547097.87,1109016.3,2.027089413,0.817648412,-0.201322849,13.21238299
9/25/2016,9,2016,39,West,248.073,39818.484,80815.68,2.029602132,0.818147131,-0.200713092,10.59208651
10/2/2016,10,2016,40,North,248.073,1427044.277,2850420.59,1.997429678,0.805178184,-0.216691679,14.17111592
10/2/2016,10,2016,40,South,248.073,1361936.831,2536088.57,1.862119088,0.750633518,-0.286837738,14.12441839
10/2/2016,10,2016,40,West,248.073,580851.72,1164348.53,2.004553813,0.808049974,-0.213131373,13.27225079
10/9/2016,10,2016,41,North,248.073,1397436.378,2750942.72,1.968563838,0.793542158,-0.231248611,14.15014996
10/9/2016,10,2016,41,South,248.073,1416816.04,2594166.26,1.830983125,0.738082389,-0.303699823,14.16392269
10/9/2016,10,2016,41,West,248.073,572383.174,1145192.43,2.0007444,0.806514373,-0.21503356,13.25756393
10/16/2016,10,2016,42,North,248.073,1393920.453,2627933.69,1.885282395,0.759970813,-0.27447525,14.1476308
10/16/2016,10,2016,42,South,248.073,1433542.95,2542324.83,1.77345564,0.714892649,-0.335622889,14.17565953
10/16/2016,10,2016,42,West,248.073,574573.483,1098939.09,1.912617137,0.770989643,-0.260080339,13.26138328
10/23/2016,10,2016,43,North,248.073,1370816.028,2512513.05,1.832859405,0.738838731,-0.302675608,14.13091676
10/23/2016,10,2016,43,South,248.073,1424017.62,2460547.01,1.727890846,0.696525154,-0.361651371,14.16899274
10/23/2016,10,2016,43,West,248.073,568741.175,1066855.1,1.875818293,0.756155766,-0.279507885,13.25118073
10/30/2016,10,2016,44,North,247.435,1096058.433,1961939.29,1.78999516,0.723420357,-0.323764819,13.90723106
10/30/2016,10,2016,44,North,248.073,231391.51,406724.16,1.757731561,0.70855416,-0.34452878,12.3518664
10/30/2016,10,2016,44,South,247.435,1111358.965,1889310.93,1.70000062,0.687049375,-0.375349119,13.92109412
10/30/2016,10,2016,44,South,248.073,280351.24,466506.04,1.664005624,0.670772564,-0.39932515,12.54379852
10/30/2016,10,2016,44,West,247.435,459348.569,854693.64,1.86066464,0.751981183,-0.285043978,13.03756461
10/30/2016,10,2016,44,West,248.073,93775.52,162623.66,1.734180306,0.699060481,-0.358018016,11.44865912
11/6/2016,11,2016,45,North,247.435,1397920.51,2417478.57,1.729339081,0.698906412,-0.358238434,14.15049634
11/6/2016,11,2016,45,South,247.435,1434065.266,2349582.27,1.638406791,0.662156441,-0.412253435,14.17602381
11/6/2016,11,2016,45,West,247.435,588499.245,1038657.3,1.764925459,0.713288524,-0.337869279,13.28533092
11/13/2016,11,2016,46,North,247.435,1391443.948,2320475.35,1.667674327,0.673984815,-0.394547698,14.14585258
11/13/2016,11,2016,46,South,247.435,1437551.373,2283400.18,1.588395533,0.641944565,-0.443253327,14.17845179
11/13/2016,11,2016,46,West,247.435,597874.435,1018445.64,1.703444035,0.688441019,-0.373325631,13.30113604
11/20/2016,11,2016,47,North,247.435,1146256.26,1872731.67,1.633780975,0.660286934,-0.41508079,13.95201176
11/20/2016,11,2016,47,South,247.435,1165333.71,1786644.75,1.533161475,0.619621911,-0.478645808,13.96851805
11/20/2016,11,2016,47,West,247.435,493395.56,820777.91,1.663529177,0.672309567,-0.397036379,13.10906648
11/27/2016,11,2016,48,North,247.313,579958.94,1000484.27,1.725095004,0.697535109,-0.360202431,13.27071259
11/27/2016,11,2016,48,North,247.435,767800.198,1235826.19,1.609567428,0.650501113,-0.430012271,13.55128482
11/27/2016,11,2016,48,South,247.313,636337.78,1013129.21,1.592124877,0.643769182,-0.44041503,13.3634848
11/27/2016,11,2016,48,South,247.435,736407.41,1131172.08,1.536068302,0.620796695,-0.476751634,13.50953879
11/27/2016,11,2016,48,West,247.313,268231.96,464645.56,1.732252786,0.700429329,-0.356061805,12.49960741
11/27/2016,11,2016,48,West,247.435,305673.66,492897.24,1.612494973,0.65168427,-0.428195083,12.63027334
12/4/2016,12,2016,49,North,247.313,1467346.18,2414886.94,1.645751339,0.665452822,-0.407287534,14.19896601
12/4/2016,12,2016,49,South,247.313,1490106.364,2302400.17,1.545124714,0.624764858,-0.470379927,14.21435806
12/4/2016,12,2016,49,West,247.313,620338.579,1035924.52,1.669934057,0.675231006,-0.392700416,13.3380207
12/11/2016,12,2016,50,North,247.313,1432140.874,2349916.72,1.640841877,0.663467702,-0.410275105,14.174681
12/11/2016,12,2016,50,South,247.313,1480879.876,2268789.05,1.532054751,0.619480072,-0.478874746,14.20814698
12/11/2016,12,2016,50,West,247.313,621067.336,1010959.9,1.627778248,0.658185477,-0.418268508,13.33919479
12/18/2016,12,2016,51,North,247.313,1295309.14,2046815.75,1.580175486,0.638937495,-0.447948647,14.07425994
12/18/2016,12,2016,51,South,247.313,1338680.53,1983704.01,1.481835259,0.599174026,-0.512203195,14.10719501
12/18/2016,12,2016,51,West,247.313,566761.7,906593.45,1.599602531,0.646792741,-0.435729374,13.24769421
12/25/2016,12,2016,52,North,247.313,1219396.199,1950009.12,1.599159585,0.646613638,-0.436006323,14.01386638
12/25/2016,12,2016,52,South,247.313,1285770.993,1921982.11,1.494809045,0.604419923,-0.503486085,14.06686909
12/25/2016,12,2016,52,West,247.313,554103.216,892196.34,1.610162717,0.651062709,-0.429149314,13.22510626
1/1/2017,1,2017,1,North,248.242,1244484.449,1945306.79,1.563142707,0.629685028,-0.462535541,14.0342319
1/1/2017,1,2017,1,South,248.242,1358192.06,2016744.78,1.484874518,0.59815604,-0.513903622,14.12166501
1/1/2017,1,2017,1,West,248.242,569945.06,900027.59,1.57914798,0.636132475,-0.452348443,13.25329525
1/8/2017,1,2017,2,North,248.242,1296606.239,2044511.45,1.576817532,0.635193695,-0.453825295,14.07526082
1/8/2017,1,2017,2,South,248.242,1624307.688,2287097.1,1.40804425,0.567206295,-0.567032206,14.30059224
1/8/2017,1,2017,2,West,248.242,599301.255,953433.55,1.590908649,0.640870058,-0.44492856,13.30351968
1/15/2017,1,2017,3,North,248.242,1361662.434,2190046.22,1.608362077,0.64790087,-0.434017573,14.12421689
1/15/2017,1,2017,3,South,248.242,1565427.605,2307468.18,1.474017816,0.593782606,-0.52124201,14.26366957
1/15/2017,1,2017,3,West,248.242,589185.38,957508.13,1.625138984,0.654659157,-0.42364055,13.28649615
1/22/2017,1,2017,4,North,248.242,1354671.12,2142884.71,1.58184867,0.637220402,-0.450639683,14.11906927
1/22/2017,1,2017,4,South,248.242,1452102.98,2178419.78,1.500182707,0.60432268,-0.503646985,14.18852339
1/22/2017,1,2017,4,West,248.242,602209.795,959252.09,1.592886894,0.64166696,-0.443685864,13.30836116
1/29/2017,1,2017,5,North,248.242,589785.89,899697.64,1.525464843,0.614507151,-0.486934712,13.28751485
1/29/2017,1,2017,5,North,248.791,781100.54,1254563.18,1.606148141,0.645581287,-0.437604147,13.56845915
1/29/2017,1,2017,5,South,248.242,626494.6,921824.17,1.471400025,0.592728074,-0.523019545,13.34789543
1/29/2017,1,2017,5,South,248.791,868479.41,1305114.87,1.502758563,0.604024488,-0.50414054,13.67449916
1/29/2017,1,2017,5,West,248.242,248902.32,385549.7,1.549000025,0.623987893,-0.471624313,12.42481581
1/29/2017,1,2017,5,West,248.791,387899.325,623280.51,1.606809989,0.645847313,-0.437192161,12.86850111
2/5/2017,2,2017,6,North,248.791,1364572.654,2144042.54,1.571219043,0.631541753,-0.459591222,14.12635186
2/5/2017,2,2017,6,South,248.791,1729648.91,2459983.94,1.422244668,0.571662427,-0.559206625,14.363429
2/5/2017,2,2017,6,West,248.791,621129.977,993476.85,1.599466918,0.642895811,-0.441772603,13.33929564
2/12/2017,2,2017,7,North,248.791,1417752.913,2297018.33,1.620182409,0.651222275,-0.42890426,14.16458372
2/12/2017,2,2017,7,South,248.791,1606576.18,2391452.15,1.488539529,0.598309235,-0.513647543,14.28961588
2/12/2017,2,2017,7,West,248.791,675408.77,1085678.47,1.607439107,0.646100183,-0.436800705,13.42307337
2/19/2017,2,2017,8,North,248.791,1511272.76,2498480.91,1.653229633,0.664505401,-0.408712273,14.22846274
2/19/2017,2,2017,8,South,248.791,1650734.7,2561265.79,1.551591416,0.62365255,-0.472161877,14.31673102
2/19/2017,2,2017,8,West,248.791,721775.505,1155865.38,1.601419516,0.643680646,-0.440552567,13.48946943
2/26/2017,2,2017,9,North,248.791,657097.533,1098670.49,1.672005197,0.672052123,-0.397419378,13.39558774
2/26/2017,2,2017,9,North,249.165,880111.695,1538600.93,1.748188257,0.701618709,-0.354365172,13.6878041
2/26/2017,2,2017,9,South,248.791,705169.41,1144715.46,1.623319792,0.652483326,-0.426969694,13.46619335
2/26/2017,2,2017,9,South,249.165,983839.81,1589871.26,1.615985899,0.648560552,-0.432999907,13.79921837
2/26/2017,2,2017,9,West,248.791,286162.77,469297.42,1.639966722,0.659174457,-0.41676705,12.56431605
2/26/2017,2,2017,9,West,249.165,430456.708,727469.16,1.689993782,0.678262911,-0.388220292,12.97260204
3/5/2017,3,2017,10,North,249.165,1507442.308,2653416.39,1.760210906,0.706443885,-0.347511507,14.22592494
3/5/2017,3,2017,10,South,249.165,1652886.82,2740934.44,1.658271097,0.665531313,-0.40716959,14.31803391
3/5/2017,3,2017,10,West,249.165,697317.56,1235140,1.771273335,0.710883685,-0.341246455,13.4549962
3/12/2017,3,2017,11,North,249.165,1391432.39,2493290.01,1.791887287,0.719156899,-0.329675727,14.14584427
3/12/2017,3,2017,11,South,249.165,1614711.24,2752283.44,1.704505036,0.684086864,-0.379670375,14.2946667
3/12/2017,3,2017,11,West,249.165,664798.771,1220160.52,1.835383237,0.736613584,-0.305691834,13.40723967
3/19/2017,3,2017,12,North,249.165,1425740.684,2588726.15,1.815706165,0.728716379,-0.316470678,14.17020201
3/19/2017,3,2017,12,South,249.165,1681578.756,2854263.44,1.697371253,0.681223789,-0.383864409,14.33524365
3/19/2017,3,2017,12,West,249.165,646192.69,1199062.56,1.855580508,0.744719567,-0.294747552,13.37885302
3/26/2017,3,2017,13,North,249.165,1410843.12,2590508.2,1.836141923,0.736918076,-0.305278552,14.15969804
3/26/2017,3,2017,13,North,249.739,32236.19,66350.23,2.058252852,0.824161565,-0.193388694,10.38084501
3/26/2017,3,2017,13,South,249.165,1515375.59,2622845.89,1.730822317,0.694649055,-0.364348518,14.23117388
3/26/2017,3,2017,13,South,249.739,76533.162,145269.83,1.898129206,0.760045169,-0.274377414,11.24547942
3/26/2017,3,2017,13,West,249.165,598486.34,1117256.24,1.866803242,0.749223704,-0.28871767,13.30215898
3/26/2017,3,2017,13,West,249.739,45123.15,88298.31,1.956829477,0.783549817,-0.243920637,10.7171507
4/2/2017,4,2017,14,North,249.739,1491882.734,2758846.73,1.849238326,0.740468379,-0.300472348,14.21554946
4/2/2017,4,2017,14,South,249.739,1619341.91,2835422.61,1.750972165,0.701120836,-0.35507503,14.2975304
4/2/2017,4,2017,14,West,249.739,647531.841,1219714.24,1.883635928,0.754241799,-0.282042273,13.38092325
4/9/2017,4,2017,15,North,249.739,1472361.669,2749039.74,1.867095428,0.747618685,-0.29086221,14.20237825
4/9/2017,4,2017,15,South,249.739,1573573.75,2746106.98,1.745140309,0.698785656,-0.358411228,14.26885986
4/9/2017,4,2017,15,West,249.739,628260.423,1187450.41,1.89006082,0.756814442,-0.278637178,13.35071005
4/16/2017,4,2017,16,North,249.739,1426841.514,2682349.92,1.879921416,0.752754442,-0.28401621,14.17097383
4/16/2017,4,2017,16,South,249.739,1564236.162,2749025.99,1.757423883,0.70370422,-0.351397152,14.26290819
4/16/2017,4,2017,16,West,249.739,609882.33,1151176.14,1.887538109,0.755804303,-0.279972794,13.32102132
4/23/2017,4,2017,17,North,249.739,1577813.738,2994033.5,1.897583617,0.759826706,-0.27466489,14.27155074
4/23/2017,4,2017,17,South,249.739,1672135.4,2934603.77,1.755003674,0.702735125,-0.352775236,14.32961205
4/23/2017,4,2017,17,West,249.739,652042.73,1221734.52,1.873703154,0.750264538,-0.287329417,13.38786538
4/30/2017,4,2017,18,North,250.016,1713463.467,3293641.91,1.922213093,0.768836032,-0.262877555,14.3540273
4/30/2017,4,2017,18,South,249.739,40,65,1.625,0.650679309,-0.429738371,3.688879454
4/30/2017,4,2017,18,South,250.016,1708882.09,3038700.95,1.778180582,0.711226714,-0.340764033,14.35134997
4/30/2017,4,2017,18,West,250.016,710389.696,1330178.86,1.872463617,0.748937515,-0.289099724,13.47356897
5/7/2017,5,2017,19,North,250.016,1716807.835,3469287.31,2.020777887,0.808259426,-0.2128722,14.35597721
5/7/2017,5,2017,19,South,250.016,1693598.309,3122045.82,1.843439382,0.737328564,-0.304721674,14.342366
5/7/2017,5,2017,19,West,250.016,713962.936,1383232.54,1.937401047,0.774910825,-0.255007321,13.47858633
5/14/2017,5,2017,20,North,250.016,1687364.148,3477555.83,2.060939741,0.82432314,-0.193192666,14.33867819
5/14/2017,5,2017,20,South,250.016,1647063.45,3119337.43,1.89387812,0.757502768,-0.277728088,14.31450453
5/14/2017,5,2017,20,West,250.016,661240.78,1327548.48,2.007662746,0.803013705,-0.219383497,13.40187332
5/21/2017,5,2017,21,North,250.016,1653328.274,3541650.78,2.142134043,0.856798782,-0.154552181,14.31830095
5/21/2017,5,2017,21,South,250.016,1810504.5,3436246.14,1.897949516,0.759131222,-0.275580628,14.40911609
5/21/2017,5,2017,21,West,250.016,654191.74,1370077.59,2.094305853,0.83766873,-0.177132566,13.39115577
5/28/2017,5,2017,22,North,249.653,689177.514,1601746.98,2.324142833,0.930949291,-0.071550471,13.44325416
5/28/2017,5,2017,22,North,250.016,816101.989,1798316.35,2.203543643,0.88136105,-0.126287918,13.61229461
5/28/2017,5,2017,22,South,249.653,713114.25,1489623.99,2.088899486,0.836721163,-0.178264402,13.47739692
5/28/2017,5,2017,22,South,250.016,791673.012,1594155.5,2.013653966,0.80541004,-0.216403765,13.58190372
5/28/2017,5,2017,22,West,249.653,306577.9,670066.89,2.185633374,0.8754685,-0.132996107,12.63322716
5/28/2017,5,2017,22,West,250.016,322287.25,677198.85,2.101227554,0.840437234,-0.173833006,12.68319851
6/4/2017,6,2017,23,North,249.653,1586521.278,3676318.14,2.317219561,0.928176133,-0.074533766,14.2770543
6/4/2017,6,2017,23,South,249.653,1537497.636,3219484.05,2.093976585,0.838754826,-0.175836837,14.24566674
6/4/2017,6,2017,23,West,249.653,632528.627,1423955.24,2.251210742,0.901735906,-0.103433588,13.35748076
6/11/2017,6,2017,24,North,249.653,1551213.458,3656293.11,2.3570535,0.944131855,-0.057489446,14.25454806
6/11/2017,6,2017,24,South,249.653,1541994.71,3264795.15,2.117254442,0.848078911,-0.164781593,14.2485874
6/11/2017,6,2017,24,West,249.653,605477.65,1385305.26,2.287954411,0.916453802,-0.08724362,13.31377293
6/18/2017,6,2017,25,North,249.653,1519738.539,3584246.1,2.358462333,0.944696171,-0.056891915,14.23404886
6/18/2017,6,2017,25,South,249.653,1460265.23,3095271.74,2.11966407,0.849044101,-0.163644149,14.19412864
6/18/2017,6,2017,25,West,249.653,594477.67,1373444.49,2.310338234,0.925419776,-0.077507832,13.29543843
6/25/2017,6,2017,26,North,249.653,1467765.51,3424474.92,2.333121263,0.934545654,-0.067694799,14.19925174
6/25/2017,6,2017,26,North,250.214,45895.72,119482.64,2.603350378,1.040449526,0.039652857,10.73412715
6/25/2017,6,2017,26,South,249.653,1356887.08,2871251.29,2.116057653,0.847599529,-0.165347008,14.12070372
6/25/2017,6,2017,26,South,250.214,79972,186550.68,2.332699945,0.932281945,-0.070119994,11.28943185
6/25/2017,6,2017,26,West,249.653,561146.45,1281946.69,2.284513588,0.91507556,-0.088748638,13.2377372
6/25/2017,6,2017,26,West,250.214,40603.54,96862.81,2.385575494,0.953414075,-0.047705973,10.61161053
7/2/2017,7,2017,27,North,250.214,1352127.837,3173511.8,2.347050118,0.938017105,-0.063987095,14.11719009
7/2/2017,7,2017,27,South,250.214,1520326.06,3065171.88,2.016127961,0.805761453,-0.215967545,14.23443538
7/2/2017,7,2017,27,West,250.214,559986.338,1277990.3,2.282181213,0.912091735,-0.092014708,13.23566767
7/9/2017,7,2017,28,North,250.214,1496621.98,3523620,2.3543821,0.940947389,-0.060868051,14.21872111
7/9/2017,7,2017,28,South,250.214,1528660.859,3181793.19,2.081425171,0.831857998,-0.184093528,14.23990265
7/9/2017,7,2017,28,West,250.214,612597.004,1381805.85,2.255652315,0.901489251,-0.10370716,13.32546258
7/16/2017,7,2017,29,North,250.214,1520873.04,3554671.15,2.337256994,0.934103205,-0.068168349,14.2347951
7/16/2017,7,2017,29,South,250.214,1479520.2,3112655.22,2.103827457,0.840811248,-0.173388081,14.2072284
7/16/2017,7,2017,29,West,250.214,617492.937,1403476.38,2.27286224,0.908367334,-0.09610643,13.33342291
7/23/2017,7,2017,30,North,250.214,1461946.64,3408322.31,2.3313589,0.931745985,-0.070695049,14.19527942
7/23/2017,7,2017,30,South,250.214,1453257.908,3045204.94,2.095433249,0.837456437,-0.177386032,14.18931843
7/23/2017,7,2017,30,West,250.214,604385.35,1371477.92,2.269211059,0.90690811,-0.097714146,13.31196727
7/30/2017,7,2017,31,North,250.214,280847.54,642986.81,2.289451458,0.914997346,-0.088834115,12.54556724
7/30/2017,7,2017,31,North,250.493,1207599.108,2791102.78,2.311282578,0.92269348,-0.080458191,14.00414474
7/30/2017,7,2017,31,South,250.214,311067.14,640837.36,2.060125541,0.823345433,-0.194379443,12.64776405
7/30/2017,7,2017,31,South,250.493,1127453.164,2354138.69,2.08801462,0.833562064,-0.182047118,13.93547181
7/30/2017,7,2017,31,West,250.214,107356.93,245658.55,2.288241197,0.914513655,-0.08936288,11.58391436
7/30/2017,7,2017,31,West,250.493,502379.85,1147915.92,2.284956134,0.912183628,-0.091913963,13.12711179
8/6/2017,8,2017,32,North,250.493,1486927.57,3388491.75,2.278854612,0.909747822,-0.094587837,14.21222252
8/6/2017,8,2017,32,South,250.493,1676936.055,3287657.27,1.960514392,0.782662347,-0.245053906,14.33247891
8/6/2017,8,2017,32,West,250.493,633386.13,1390171.67,2.194824932,0.876202102,-0.132158504,13.35883552
8/13/2017,8,2017,33,North,250.493,1491693.089,3369299.68,2.25870838,0.901705189,-0.103467654,14.21542233
8/13/2017,8,2017,33,South,250.493,1502237.16,3019220.53,2.009816166,0.802344244,-0.220217532,14.22246599
8/13/2017,8,2017,33,West,250.493,635266.15,1378818.79,2.170458461,0.866474696,-0.143322373,13.36179932
8/20/2017,8,2017,34,North,250.493,1487582.325,3326558.28,2.236217938,0.892726718,-0.113474772,14.21266276
8/20/2017,8,2017,34,South,250.493,1466820.459,2908958.23,1.983172659,0.791707816,-0.233562875,14.19860766
8/20/2017,8,2017,34,West,250.493,613740.02,1325949.99,2.160442446,0.862476175,-0.147947753,13.3273267
8/27/2017,8,2017,35,North,250.493,1114013.75,2417225.93,2.169834915,0.866225769,-0.143609702,13.92348004
8/27/2017,8,2017,35,North,250.993,338668.58,786875.05,2.323436824,0.925697858,-0.077207385,12.73277727
8/27/2017,8,2017,35,South,250.493,952477.035,1877861.2,1.971555356,0.78707004,-0.239438038,13.76682128
8/27/2017,8,2017,35,South,250.993,390372.19,798241.33,2.0448212,0.814692521,-0.204944511,12.8748559
8/27/2017,8,2017,35,West,250.493,435365.385,908030.35,2.085674198,0.832627737,-0.183168631,12.98394092
8/27/2017,8,2017,35,West,250.993,177448.64,397322.79,2.239086138,0.892091069,-0.114187056,12.08643649
9/3/2017,9,2017,36,North,250.993,1385215.175,3027701.99,2.185726842,0.870831793,-0.13830644,14.14136605
9/3/2017,9,2017,36,South,250.993,1274195.32,2494621.99,1.957801878,0.780022502,-0.248432511,14.05782542
9/3/2017,9,2017,36,West,250.993,605129.574,1283483.06,2.121005344,0.845045616,-0.168364669,13.31319789
9/10/2017,9,2017,37,North,250.993,1438916.078,3130234.91,2.175411727,0.866722071,-0.143036918,14.17940066
9/10/2017,9,2017,37,South,250.993,1335992.502,2621700.37,1.96236159,0.781839171,-0.246106224,14.10518502
9/10/2017,9,2017,37,West,250.993,599285,1274448.72,2.126615417,0.847280767,-0.165723155,13.30349256
9/17/2017,9,2017,38,North,250.993,1401831.575,3041732.33,2.169827235,0.864497111,-0.145607315,14.15329021
9/17/2017,9,2017,38,South,250.993,1411262.544,2754377.73,1.951711779,0.7775961,-0.251548042,14.15999528
9/17/2017,9,2017,38,West,250.993,578865.52,1233638.2,2.131130906,0.849079817,-0.163602084,13.26882547
9/24/2017,9,2017,39,North,250.993,1413001.65,2998218.55,2.121879015,0.845393702,-0.16795284,14.16122683
9/24/2017,9,2017,39,South,250.993,1395831.342,2686740.3,1.924831618,0.766886574,-0.265416372,14.14900074
9/24/2017,9,2017,39,West,250.993,564419.062,1192631.48,2.113024808,0.841866031,-0.172134385,13.24355227
10/1/2017,10,2017,40,North,251.364,1402724.608,2883915.4,2.05593841,0.817912832,-0.200999511,14.15392705
10/1/2017,10,2017,40,South,251.364,1363329.85,2578565.44,1.891373126,0.752443916,-0.284428815,14.12544068
10/1/2017,10,2017,40,West,251.364,564797.428,1172502.91,2.075970697,0.825882265,-0.191303052,13.24422241
10/8/2017,10,2017,41,North,251.364,1411129.593,2761410.26,1.956879279,0.778504193,-0.250380902,14.15990107
10/8/2017,10,2017,41,South,251.364,1390780.203,2525062.9,1.815572939,0.72228837,-0.325330815,14.14537544
10/8/2017,10,2017,41,West,251.364,570602.144,1135635.44,1.990240401,0.791776229,-0.233476466,13.25444748
10/15/2017,10,2017,42,North,251.364,1410446.509,2684414.87,1.903237629,0.757163965,-0.27817545,14.15941689
10/15/2017,10,2017,42,South,251.364,1414415.053,2472489.5,1.748065036,0.695431739,-0.36322242,14.16222661
10/15/2017,10,2017,42,West,251.364,588758.758,1128682.85,1.91705488,0.762660874,-0.27094181,13.2857718
10/22/2017,10,2017,43,North,251.364,1411133.645,2639809.54,1.870701297,0.744220054,-0.295418516,14.15990394
10/22/2017,10,2017,43,South,251.364,1405430.177,2414951.23,1.718300396,0.683590489,-0.380396241,14.15585399
10/22/2017,10,2017,43,West,251.364,595543.81,1107934.59,1.860374621,0.740111799,-0.300954025,13.29723023
10/29/2017,10,2017,44,North,250.871,788367.054,1469941.53,1.864539522,0.743226408,-0.296754559,13.57771906
10/29/2017,10,2017,44,North,251.364,560585.7,1003755.65,1.790548082,0.712332745,-0.339210138,13.23673741
10/29/2017,10,2017,44,South,250.871,791158.52,1361646.73,1.721079525,0.686041641,-0.376816952,13.58125363
10/29/2017,10,2017,44,South,251.364,567261.755,940193.86,1.657425081,0.659372496,-0.41646666,13.24857613
10/29/2017,10,2017,44,West,250.871,358736.601,670221.91,1.868284162,0.744719064,-0.294748228,12.7903437
10/29/2017,10,2017,44,West,251.364,229289.75,403158.83,1.758294167,0.699501188,-0.357387786,12.34274177
11/5/2017,11,2017,45,North,250.871,1371999.523,2489625.31,1.814596338,0.723318494,-0.323905637,14.13177974
11/5/2017,11,2017,45,South,250.871,1419356.83,2369410.8,1.669355267,0.66542377,-0.407331193,14.16571439
11/5/2017,11,2017,45,West,250.871,598930.538,1081092.38,1.805037999,0.719508432,-0.329187033,13.30290091
11/12/2017,11,2017,46,North,250.871,1347329.829,2390690.46,1.774391399,0.707292353,-0.346311187,14.11363529
11/12/2017,11,2017,46,South,250.871,1399332.288,2285361.46,1.633179967,0.651003889,-0.429239662,14.15150574
11/12/2017,11,2017,46,West,250.871,594384.743,1063485.69,1.789221043,0.713203616,-0.337988323,13.2952821
11/19/2017,11,2017,47,North,250.871,1133672.16,1938387.02,1.709830309,0.681557577,-0.383374546,13.94097262
11/19/2017,11,2017,47,South,250.871,1156266.012,1812652.94,1.56767813,0.624894121,-0.47017305,13.96070642
11/19/2017,11,2017,47,West,250.871,508260.93,870043.09,1.711803994,0.68234431,-0.382220895,13.13875024
11/26/2017,11,2017,48,North,250.871,1029655.279,1763191.67,1.712409683,0.682585745,-0.381867127,13.84473462
11/26/2017,11,2017,48,North,251.238,320064.29,586430.14,1.832226082,0.729279043,-0.315698845,12.67627716
11/26/2017,11,2017,48,South,250.871,989072.545,1547621.11,1.564719512,0.623714783,-0.472062094,13.80452296
11/26/2017,11,2017,48,South,251.238,389739.94,647848.67,1.662258864,0.661627168,-0.413053072,12.87323498
11/26/2017,11,2017,48,West,250.871,424449.768,715788.71,1.68639204,0.672214819,-0.397177318,12.95854895
11/26/2017,11,2017,48,West,251.238,165818.606,306712.35,1.849685976,0.736228586,-0.306214629,12.01864973
12/3/2017,12,2017,49,North,251.238,1464803.91,2528953.62,1.726479294,0.687188759,-0.375146266,14.19723194
12/3/2017,12,2017,49,South,251.238,1499852.198,2371733.65,1.581311581,0.629407805,-0.462975894,14.22087713
12/3/2017,12,2017,49,West,251.238,628664.08,1080804.33,1.719208023,0.684294582,-0.379366778,13.35135234
12/10/2017,12,2017,50,North,251.238,1450424.165,2483987.45,1.712593812,0.681661935,-0.383221441,14.1873666
12/10/2017,12,2017,50,South,251.238,1513523.094,2353291.83,1.554843688,0.618872817,-0.479855492,14.22995067
12/10/2017,12,2017,50,West,251.238,642878.83,1087826.87,1.692118047,0.673511987,-0.395249485,13.37371154
12/17/2017,12,2017,51,North,251.238,1410959.665,2381785.53,1.688060679,0.671897037,-0.397650168,14.15978064
12/17/2017,12,2017,51,South,251.238,1495877.35,2250768.35,1.504647657,0.598893343,-0.512671755,14.21822345
12/17/2017,12,2017,51,West,251.238,631150.99,1047975.13,1.660419054,0.66089487,-0.414160498,13.3553004
12/24/2017,12,2017,52,North,251.238,1197689.835,2001251.27,1.670926154,0.665077,-0.407852455,13.99590512
12/24/2017,12,2017,52,South,251.238,1267155.47,1914360.01,1.510753854,0.601323786,-0.508621744,14.05228516
12/24/2017,12,2017,52,West,251.238,562445.864,931531.48,1.656215362,0.659221679,-0.416695414,13.24005017
12/31/2017,12,2017,53,North,252.361,1171776.965,1910703.4,1.630603312,0.646139186,-0.43674034,13.97403193
12/31/2017,12,2017,53,South,251.238,3208.52,7647.64,2.383541321,0.948718475,-0.052643179,8.073565051
12/31/2017,12,2017,53,South,252.361,1288984.155,1946482.45,1.510090285,0.598384966,-0.513520976,14.06936499
12/31/2017,12,2017,53,West,252.361,601723.68,984731.42,1.636517645,0.648482787,-0.433119819,13.30755362
1/7/2018,1,2018,2,North,252.361,1281677.27,2097005.47,1.636141577,0.648333767,-0.433349643,14.06368015
1/7/2018,1,2018,2,South,252.361,1430027.38,2172564.35,1.51924668,0.602013259,-0.507475809,14.17320415
1/7/2018,1,2018,2,West,252.361,634592.58,1028210.24,1.620268299,0.642043857,-0.443098664,13.36073847
1/14/2018,1,2018,3,North,252.361,1308592.05,2172300.98,1.660029174,0.657799412,-0.418855239,14.08446235
1/14/2018,1,2018,3,South,252.361,1370355.572,2096518.07,1.529908086,0.606237923,-0.500482757,14.13058081
1/14/2018,1,2018,3,West,252.361,637576.702,1056689.77,1.657353173,0.656739026,-0.42046856,13.36542987
1/21/2018,1,2018,4,North,252.361,1358682.275,2246744.15,1.653619975,0.655259717,-0.422723607,14.12202587
1/21/2018,1,2018,4,South,252.361,1449833.23,2225592.26,1.535067768,0.608282487,-0.497115888,14.18695909
1/21/2018,1,2018,4,West,252.361,627288.5,1037287.9,1.653605797,0.655254099,-0.422732181,13.34916184
1/28/2018,1,2018,5,North,252.266,566986.375,965535.65,1.702925666,0.675051599,-0.392966149,13.24809055
1/28/2018,1,2018,5,North,252.361,808009.74,1303812.18,1.613609484,0.639405251,-0.447216831,13.60232939
1/28/2018,1,2018,5,South,252.266,673548.84,1053446.81,1.564024385,0.619990163,-0.478051667,13.42031579
1/28/2018,1,2018,5,South,252.361,826134.815,1243639.5,1.50537113,0.596514965,-0.51665095,13.62451325
1/28/2018,1,2018,5,West,252.266,290040.82,498193.63,1.717667292,0.680895282,-0.384346755,12.57777695
1/28/2018,1,2018,5,West,252.361,355377.01,566812.26,1.594960406,0.632015409,-0.458841504,12.7809345
2/4/2018,2,2018,6,North,252.266,1317060.07,2162107.05,1.641616126,0.65074807,-0.429632701,14.09091259
2/4/2018,2,2018,6,South,252.266,1469587.44,2247764.9,1.529521033,0.606312794,-0.500359264,14.20049227
2/4/2018,2,2018,6,West,252.266,637203.66,1063086.34,1.668361949,0.6613503,-0.413471624,13.3648446
2/11/2018,2,2018,7,North,252.266,1377339.674,2263142.31,1.643125768,0.651346503,-0.428713516,14.13566442
2/11/2018,2,2018,7,South,252.266,1739108.915,2552748.33,1.467848453,0.581865354,-0.541516209,14.36888342
2/11/2018,2,2018,7,West,252.266,679736.946,1122214.26,1.65095375,0.654449569,-0.423960749,13.42946116
2/18/2018,2,2018,8,North,252.266,1399929.545,2305289.78,1.646718428,0.652770658,-0.426529424,14.15193247
2/18/2018,2,2018,8,South,252.266,1595804.956,2438708.56,1.52819964,0.605788985,-0.501223563,14.28288884
2/18/2018,2,2018,8,West,252.266,682177.23,1108637.21,1.625145433,0.644218973,-0.439716591,13.43304477
2/25/2018,2,2018,9,North,252.266,859974.81,1366329.92,1.588802258,0.629812285,-0.462333465,13.66465838
2/25/2018,2,2018,9,North,252.37,612360.195,1033023.96,1.686954783,0.668445054,-0.402801079,13.32507594
2/25/2018,2,2018,9,South,252.266,897308.715,1336759.03,1.489742613,0.590544351,-0.526710538,13.70715525
2/25/2018,2,2018,9,South,252.37,748482.095,1160005.99,1.549811275,0.614102815,-0.487592913,13.52580256
2/25/2018,2,2018,9,West,252.266,389197.99,608380.94,1.563165678,0.619649766,-0.478600854,12.87184346
2/25/2018,2,2018,9,West,252.37,325204.373,545010.95,1.675902894,0.664065814,-0.409374017,12.6922091
3/4/2018,3,2018,10,North,252.37,1482480.005,2415672.37,1.629480574,0.645671266,-0.437464781,14.20922692
3/4/2018,3,2018,10,South,252.37,1679475.46,2567718.34,1.528881131,0.605809379,-0.501189898,14.33399208
3/4/2018,3,2018,10,West,252.37,722328.338,1167986.99,1.616975174,0.640716081,-0.445168851,13.49023508
3/11/2018,3,2018,11,North,252.37,1494796.71,2545015.37,1.702582935,0.67463761,-0.393579607,14.21750078
3/11/2018,3,2018,11,South,252.37,1716359.96,2725985.19,1.588236299,0.629328485,-0.463101924,14.3557163
3/11/2018,3,2018,11,West,252.37,738257.52,1226687.49,1.661598367,0.658397736,-0.417946068,13.51204799
3/18/2018,3,2018,12,North,252.37,1442847.84,2588030.48,1.793696056,0.710740601,-0.341447752,14.18212939
3/18/2018,3,2018,12,South,252.37,1637208.815,2764914.71,1.68879784,0.669175354,-0.40170914,14.30850341
3/18/2018,3,2018,12,West,252.37,714040.639,1233243.47,1.727133447,0.684365593,-0.379263012,13.47869516
3/25/2018,3,2018,13,North,252.37,1466335.585,2799100.27,1.908908369,0.756392744,-0.279194535,14.19827705
3/25/2018,3,2018,13,South,252.37,1715557.475,2991430.64,1.743707619,0.690933003,-0.369712417,14.35524864
3/25/2018,3,2018,13,West,252.37,711897.427,1307065.13,1.836030136,0.72751521,-0.318120372,13.47568912
4/1/2018,4,2018,14,North,253.209,1382208.76,2761812.44,1.998115277,0.789117005,-0.236840674,14.13919333
4/1/2018,4,2018,14,South,253.209,1568898.357,2943225.41,1.875982212,0.740882912,-0.29991268,14.26588425
4/1/2018,4,2018,14,West,253.209,681680.428,1322069.75,1.939427473,0.765939391,-0.266652236,13.43231625
4/8/2018,4,2018,15,North,253.209,1498547.12,3028991.29,2.021285317,0.798267564,-0.225311444,14.22000661
4/8/2018,4,2018,15,South,253.209,1560081.145,2966814.11,1.901704998,0.751041629,-0.286294198,14.26024839
4/8/2018,4,2018,15,West,253.209,684735.35,1363694.1,1.991563748,0.786529605,-0.240124916,13.43678769
4/15/2018,4,2018,16,North,253.209,1469553.3,3006404.98,2.045795127,0.80794724,-0.21325852,14.20046904
4/15/2018,4,2018,16,South,253.209,1567878.571,2967765.7,1.892854303,0.747546218,-0.290959145,14.26523403
4/15/2018,4,2018,16,West,253.209,667574.437,1345210.84,2.015072426,0.795813903,-0.228389911,13.41140618
4/22/2018,4,2018,17,North,253.209,1518219.95,3080543.31,2.029049421,0.801333847,-0.221477631,14.23304912
4/22/2018,4,2018,17,South,253.209,1588154.703,2958057.99,1.862575469,0.735588178,-0.307084858,14.27808334
4/22/2018,4,2018,17,West,253.209,668786.13,1356332.84,2.028051688,0.800939812,-0.221969476,13.4132196
4/29/2018,4,2018,18,North,253.098,1340734.064,2677154.06,1.996782309,0.788936423,-0.23706954,14.10872783
4/29/2018,4,2018,18,North,253.209,286345.635,570157.22,1.99115038,0.786366354,-0.240332496,12.56495487
4/29/2018,4,2018,18,South,253.098,1315150.254,2430823.39,1.848323705,0.730279854,-0.314327457,14.08946148
4/29/2018,4,2018,18,South,253.209,346853.6,622131.67,1.793643399,0.708364789,-0.344796079,12.75665807
4/29/2018,4,2018,18,West,253.098,564364.125,1112520.15,1.971280776,0.778860669,-0.249923108,13.24345493
4/29/2018,4,2018,18,West,253.209,119520.12,221949.23,1.857003072,0.733387467,-0.310081112,11.69124
5/6/2018,5,2018,19,North,253.098,1648755.998,3348550.44,2.030955729,0.802438474,-0.220100095,14.31553162
5/6/2018,5,2018,19,South,253.098,1616415.015,3009437.89,1.861797782,0.735603514,-0.307064009,14.2957213
5/6/2018,5,2018,19,West,253.098,700071.262,1376553.43,1.966304725,0.776894612,-0.252450573,13.45893741
5/13/2018,5,2018,20,North,253.098,1577822.104,3186333.54,2.019450439,0.797892689,-0.225781165,14.27155604
5/13/2018,5,2018,20,South,253.098,1564834.565,2882092.47,1.841787327,0.727697306,-0.317870106,14.26329067
5/13/2018,5,2018,20,West,253.098,678501.844,1320441.72,1.946113679,0.768917052,-0.262772181,13.42764248
5/20/2018,5,2018,21,North,253.098,1583474.285,3181792.9,2.009374532,0.793911659,-0.230783084,14.27513191
5/20/2018,5,2018,21,South,253.098,1557420.58,2858096.33,1.835147401,0.725073845,-0.321481774,14.25854154
5/20/2018,5,2018,21,West,253.098,668581.3,1309407.28,1.958486245,0.7738055,-0.256434728,13.41291328
5/27/2018,5,2018,22,North,253.098,1091532.794,2161524.72,1.980265487,0.782410563,-0.245375659,13.9030935
5/27/2018,5,2018,22,North,253.231,362044.729,781792.17,2.159380064,0.852731326,-0.159310757,12.79952304
5/27/2018,5,2018,22,South,253.098,1098843.975,1933880.58,1.759922813,0.695352319,-0.363336627,13.90976925
5/27/2018,5,2018,22,South,253.231,410059.01,780905.82,1.904374251,0.752030459,-0.284978452,12.92405636
5/27/2018,5,2018,22,West,253.098,441237.64,843123.41,1.910814794,0.754970325,-0.281076835,12.99733888
5/27/2018,5,2018,22,West,253.231,170469.89,359048.89,2.106230549,0.831742776,-0.184232049,12.04631396
6/3/2018,6,2018,23,North,253.231,1537820.609,3067585.85,1.994761829,0.787724184,-0.238607271,14.24587678
6/3/2018,6,2018,23,South,253.231,1519185.39,2733227.74,1.799140354,0.710473976,-0.34182296,14.23368482
6/3/2018,6,2018,23,West,253.231,627913.986,1236327.1,1.968943402,0.777528582,-0.251634875,13.35015847
6/10/2018,6,2018,24,North,253.231,1545447.115,3051001.32,1.974186816,0.779599187,-0.248975355,14.25082382
6/10/2018,6,2018,24,South,253.231,1559900.385,2753380.9,1.765100468,0.697031749,-0.360924318,14.26013252
6/10/2018,6,2018,24,West,253.231,637232.15,1236975.85,1.94116987,0.766560915,-0.265841112,13.36488931
6/17/2018,6,2018,25,North,253.231,1610404.095,3120803.86,1.937901096,0.765270088,-0.267526452,14.2919957
6/17/2018,6,2018,25,South,253.231,1557826.595,2711019.53,1.740257573,0.68722138,-0.375098797,14.2588022
6/17/2018,6,2018,25,West,253.231,667691.041,1256257.7,1.881495516,0.74299573,-0.297064982,13.41158083
6/24/2018,6,2018,26,North,253.231,1614765.63,3120956.81,1.932761481,0.763240472,-0.27018213,14.29470038
6/24/2018,6,2018,26,South,253.231,1577098.53,2721969.14,1.725934739,0.681565345,-0.383363148,14.27109734
6/24/2018,6,2018,26,West,253.231,672137.36,1256540.31,1.869469523,0.738246709,-0.303477216,13.418218
7/1/2018,7,2018,27,North,253.746,1423615.509,2844452.61,1.998048344,0.787420627,-0.238992705,14.16871033
7/1/2018,7,2018,27,South,253.746,1417557.295,2534342.68,1.787823807,0.704572213,-0.350164451,14.16444573
7/1/2018,7,2018,27,West,253.746,632896.69,1210122.76,1.912038377,0.753524539,-0.282993695,13.35806248
7/8/2018,7,2018,28,North,253.746,1590214.925,3257280.15,2.04832699,0.807235184,-0.214140223,14.27937974
7/8/2018,7,2018,28,South,253.746,1551582.335,2820228.08,1.817646422,0.716325153,-0.333621091,14.25478583
7/8/2018,7,2018,28,West,253.746,667810.066,1301671.19,1.949163776,0.768155469,-0.263763133,13.41175908
7/15/2018,7,2018,29,North,253.746,1570593.915,3223685.17,2.052526206,0.808890074,-0.21209225,14.2669644
7/15/2018,7,2018,29,South,253.746,1538305.732,2821228.52,1.833984273,0.722763816,-0.324672782,14.24619219
7/15/2018,7,2018,29,West,253.746,684801.51,1347723.06,1.968049194,0.775598116,-0.254120785,13.43688431
7/22/2018,7,2018,30,North,253.746,1541786.72,3141931.7,2.037851059,0.803106673,-0.219267731,14.24845251
7/22/2018,7,2018,30,South,253.746,1505775.449,2755006.96,1.829626696,0.721046517,-0.327051626,14.22481857
7/22/2018,7,2018,30,West,253.746,651355.847,1293336.25,1.985606264,0.782517267,-0.24523929,13.38681139
7/29/2018,7,2018,31,North,253.746,626486.78,1224824.21,1.955067927,0.770482264,-0.260738643,13.34788295
7/29/2018,7,2018,31,North,254.077,908815.2,1873765.42,2.061767255,0.811473394,-0.208903679,13.71989705
7/29/2018,7,2018,31,South,253.746,634677.555,1122824.17,1.769125379,0.697203258,-0.360678292,13.36087236
7/29/2018,7,2018,31,South,254.077,872390.51,1609660.65,1.84511481,0.726203005,-0.319925682,13.67899244
7/29/2018,7,2018,31,West,253.746,263821.09,499718.81,1.894157931,0.746477947,-0.292389204,12.48302646
7/29/2018,7,2018,31,West,254.077,390950.04,786312.61,2.011286685,0.791605177,-0.233692526,12.87633506
8/5/2018,8,2018,32,North,254.077,1528209.835,3068800.61,2.008101597,0.790351585,-0.235277388,14.23960757
8/5/2018,8,2018,32,South,254.077,1800646.924,3030102.9,1.682785703,0.662313276,-0.412016608,14.40365656
8/5/2018,8,2018,32,West,254.077,659604.313,1280136.61,1.940764463,0.763848937,-0.269385236,13.39939541
8/12/2018,8,2018,33,North,254.077,1526165.925,3044071.25,1.994587351,0.785032628,-0.242029997,14.23826922
8/12/2018,8,2018,33,South,254.077,1603681.031,2798275.07,1.744907507,0.686763267,-0.375765635,14.28781219
8/12/2018,8,2018,33,West,254.077,652703.595,1260347.13,1.930963978,0.759991647,-0.274447836,13.38887839
8/19/2018,8,2018,34,North,254.077,1531773.81,3039584.28,1.984355823,0.781005689,-0.247172845,14.24193697
8/19/2018,8,2018,34,South,254.077,1531737.71,2664954.48,1.739824294,0.684762609,-0.378683057,14.24191341
8/19/2018,8,2018,34,West,254.077,634832.175,1206056.62,1.899803865,0.747727604,-0.290716533,13.36111595
8/26/2018,8,2018,35,North,254.077,1467289.364,2843105.44,1.937658317,0.762626415,-0.270986994,14.19892729
8/26/2018,8,2018,35,North,254.393,41349.82,93941.68,2.271876395,0.893057747,-0.113104034,10.62982335
8/26/2018,8,2018,35,South,254.077,1387015.943,2397824.77,1.728765111,0.680409919,-0.38505984,14.14266519
8/26/2018,8,2018,35,South,254.393,70484.655,139906.9,1.984927074,0.780260099,-0.248127955,11.16315031
8/26/2018,8,2018,35,West,254.077,576393.537,1077293.77,1.869024722,0.735613504,-0.307050429,13.26454593
8/26/2018,8,2018,35,West,254.393,43037.68,88918.46,2.066060717,0.812153132,-0.20806637,10.66983129
9/2/2018,9,2018,36,North,254.393,1412984.075,2723845.38,1.927725463,0.75777457,-0.277369338,14.16121439
9/2/2018,9,2018,36,South,254.393,1388968.1,2355139.44,1.695603693,0.666529226,-0.405671291,14.14407166
9/2/2018,9,2018,36,West,254.393,599331.06,1117727.99,1.864959226,0.733101629,-0.310470939,13.30356941
9/9/2018,9,2018,37,North,254.393,1431460.22,2694805.82,1.882557253,0.740019282,-0.301079036,14.17420561
9/9/2018,9,2018,37,South,254.393,1378777.167,2336517.26,1.694630079,0.666146505,-0.406245655,14.13670755
9/9/2018,9,2018,37,West,254.393,600654.78,1104553.38,1.838915492,0.72286403,-0.324534138,13.30577564
9/16/2018,9,2018,38,North,254.393,1411195.64,2684349.55,1.902181012,0.747733236,-0.290709001,14.15994787
9/16/2018,9,2018,38,South,254.393,1420962.63,2374779.42,1.671246921,0.656954759,-0.420140122,14.16684511
9/16/2018,9,2018,38,West,254.393,624995.67,1132364.85,1.811796312,0.712203682,-0.339391339,13.3455
9/23/2018,9,2018,39,North,254.393,1430717.22,2659810.36,1.859074821,0.730788513,-0.313631173,14.17368643
9/23/2018,9,2018,39,South,254.393,1444219.685,2363385.01,1.636444257,0.643274091,-0.441184377,14.18307972
9/23/2018,9,2018,39,West,254.393,623233.77,1102559.45,1.769094525,0.695417926,-0.363242282,13.34267696
9/30/2018,9,2018,40,North,254.358,1425445.805,2670312.02,1.873317113,0.73648838,-0.305861821,14.16999517
9/30/2018,9,2018,40,South,254.358,1445323.2,2378914.17,1.64593924,0.647095527,-0.435261349,14.18384352
9/30/2018,9,2018,40,West,254.358,627513.774,1099690.51,1.752456369,0.688972381,-0.372554094,13.3495209
10/7/2018,10,2018,41,North,254.358,1429072.625,2636024.04,1.844569684,0.725186424,-0.321326521,14.17253628
10/7/2018,10,2018,41,South,254.358,1451431.015,2385939.25,1.643853015,0.646275334,-0.436529652,14.18806053
10/7/2018,10,2018,41,West,254.358,618651.78,1091068.55,1.763623068,0.693362531,-0.366202283,13.33529784
10/14/2018,10,2018,42,North,254.358,1396183.245,2594347.67,1.858171325,0.730533864,-0.313979692,14.14925282
10/14/2018,10,2018,42,South,254.358,1437098.495,2391814.37,1.664335728,0.654328045,-0.424146456,14.1781367
10/14/2018,10,2018,42,West,254.358,592195.743,1047521.54,1.768877187,0.695428171,-0.36322755,13.29159251
10/21/2018,10,2018,43,North,254.358,1384681.104,2524263.23,1.822992473,0.716703415,-0.333093171,14.14098042
10/21/2018,10,2018,43,South,254.358,1425916.845,2315314.01,1.623737049,0.638366809,-0.448842225,14.17032556
10/21/2018,10,2018,43,West,254.358,609244.05,1054257.78,1.730435907,0.68031511,-0.385199192,13.31997421
10/28/2018,10,2018,44,North,254.358,781553.429,1352753.36,1.730852057,0.680478718,-0.384958732,13.56903879
10/28/2018,10,2018,44,North,254.379,557069.11,1065711.14,1.913068093,0.752054255,-0.28494681,13.23044459
10/28/2018,10,2018,44,South,254.358,757263.665,1193032.87,1.575452415,0.619383867,-0.479030059,13.53746677
10/28/2018,10,2018,44,South,254.379,627551.035,1037359.89,1.653028729,0.649829085,-0.431045896,13.34958028
10/28/2018,10,2018,44,West,254.358,310279.52,513758.17,1.65579143,0.650968882,-0.429293438,12.64522885
10/28/2018,10,2018,44,West,254.379,262380.25,465580.26,1.774448572,0.697560951,-0.360165384,12.47755007
11/4/2018,11,2018,45,North,254.379,1371454.545,2450492.99,1.786783965,0.70241017,-0.353237758,14.13138245
11/4/2018,11,2018,45,South,254.379,1430909.975,2291657.37,1.601538469,0.629587532,-0.462690385,14.17382115
11/4/2018,11,2018,45,West,254.379,613244.599,1033528.53,1.685344692,0.66253295,-0.411684987,13.32651915
11/11/2018,11,2018,46,North,254.379,1341326.935,2388791.84,1.780916925,0.700103753,-0.356526737,14.10916993
11/11/2018,11,2018,46,South,254.379,1376098.92,2201280.5,1.599652807,0.628846252,-0.463868485,14.13476318
11/11/2018,11,2018,46,West,254.379,594735.32,1004929.39,1.689708609,0.664248467,-0.409099002,13.29587175
11/18/2018,11,2018,47,North,254.379,1112456.12,1921663.47,1.727406084,0.679067881,-0.387034185,13.92208085
11/18/2018,11,2018,47,South,254.379,1158817.515,1797369.99,1.551037991,0.609735077,-0.494730717,13.96291066
11/18/2018,11,2018,47,West,254.379,495692.834,828386.79,1.67116959,0.656960515,-0.420131361,13.11371173
11/25/2018,11,2018,48,North,254.379,1208823.885,2139090.57,1.769563455,0.695640542,-0.362922215,14.00515845
11/25/2018,11,2018,48,North,255.21,33547.05,65932.53,1.965374899,0.770101054,-0.261233534,10.42070421
11/25/2018,11,2018,48,South,254.379,1266819.99,1981079.43,1.563820784,0.614760174,-0.486523048,14.05202037
11/25/2018,11,2018,48,South,255.21,62027.555,121193.99,1.953873404,0.765594375,-0.267102787,11.035334
11/25/2018,11,2018,48,West,254.379,520333.1,860700.44,1.654133554,0.650263408,-0.430377755,13.16222446
11/25/2018,11,2018,48,West,255.21,34706.37,59952.97,1.727434186,0.67686775,-0.390279372,10.45467852
12/2/2018,12,2018,49,North,255.21,1380602.855,2486381.44,1.800938938,0.705669425,-0.348608388,14.13803081
12/2/2018,12,2018,49,South,255.21,1448326.75,2319565.15,1.601548235,0.627541333,-0.465945741,14.18591948
12/2/2018,12,2018,49,West,255.21,601385.437,1013973.07,1.686061896,0.660656673,-0.414520979,13.30699133
12/9/2018,12,2018,50,North,255.21,1435035.205,2572706.91,1.792783132,0.702473701,-0.353147315,14.17669994
12/9/2018,12,2018,50,South,255.21,1455995.075,2292325.43,1.574404659,0.616905552,-0.483039343,14.19120013
12/9/2018,12,2018,50,West,255.21,615255.8,1037118.52,1.685670448,0.660503291,-0.414753173,13.3297934
12/16/2018,12,2018,51,North,255.21,1449503.175,2539209.22,1.751778998,0.68640688,-0.376284708,14.18673142
12/16/2018,12,2018,51,South,255.21,1506992.2,2277770.68,1.511468128,0.592244868,-0.523835101,14.2256263
12/16/2018,12,2018,51,West,255.21,617776.441,1031961.73,1.670445264,0.654537543,-0.423826334,13.33388193
12/23/2018,12,2018,52,North,255.21,1176152.085,2022349.54,1.719462615,0.673744217,-0.394904741,13.97775872
12/23/2018,12,2018,52,South,255.21,1201359.326,1840316.01,1.531861426,0.600235659,-0.510432936,13.99896425
12/23/2018,12,2018,52,West,255.21,556570.206,933196.1,1.676690721,0.656984727,-0.420094508,13.2295486
12/30/2018,12,2018,53,North,255.21,338968.265,598982.81,1.767076366,0.692400912,-0.367590139,12.73366177
12/30/2018,12,2018,53,North,256.417,926467.74,1592875.09,1.719299034,0.670508989,-0.39971817,13.7391345
12/30/2018,12,2018,53,South,255.21,360103.05,555282.46,1.542009877,0.604212169,-0.503829869,12.79414552
12/30/2018,12,2018,53,South,256.417,976395.43,1518702.25,1.555417204,0.606596756,-0.499891031,13.79162294
12/30/2018,12,2018,53,West,255.21,131392.12,207576.8,1.579826857,0.619030154,-0.479601293,11.78594141
12/30/2018,12,2018,53,West,256.417,485744.29,795364.55,1.637414101,0.638574705,-0.44851661,13.09343761
1/6/2019,1,2019,1,North,256.417,1341069.415,2359854.49,1.75968109,0.686257577,-0.376502246,14.10897792
1/6/2019,1,2019,1,South,256.417,1457497.23,2315081.06,1.588394827,0.619457691,-0.478910876,14.1922313
1/6/2019,1,2019,1,West,256.417,611268.899,1023111.65,1.67375054,0.652745544,-0.426567899,13.32329224
1/13/2019,1,2019,2,North,256.417,1306649.705,2356153.94,1.803202443,0.703230458,-0.35207062,14.08297694
1/13/2019,1,2019,2,South,256.417,1435894.248,2358609.25,1.642606517,0.640599694,-0.445350519,14.17729838
1/13/2019,1,2019,2,West,256.417,570262.367,993794.15,1.742696358,0.679633705,-0.386201295,13.25385183
1/20/2019,1,2019,3,North,256.417,1222361.85,2203156.3,1.802376522,0.702908357,-0.352528755,14.01629549
1/20/2019,1,2019,3,South,256.417,1450160.99,2351453.48,1.621512023,0.632373057,-0.458275778,14.18718514
1/20/2019,1,2019,3,West,256.417,586474.736,1025504.14,1.74859048,0.681932352,-0.382824816,13.28188487
1/27/2019,1,2019,4,North,256.417,979109.44,1722426.86,1.759177054,0.686061008,-0.376788723,13.7943987
1/27/2019,1,2019,4,North,257.222,295425.56,564728.31,1.911575661,0.743161806,-0.296841484,12.59617217
1/27/2019,1,2019,4,South,256.417,1060707.385,1704822.17,1.607250213,0.626811098,-0.467110063,13.87444659
1/27/2019,1,2019,4,South,257.222,396293.39,663336.59,1.673852269,0.650742265,-0.429641621,12.8899101
1/27/2019,1,2019,4,West,256.417,439553.23,750683.64,1.707833292,0.666037467,-0.406409353,12.9935141
1/27/2019,1,2019,4,West,257.222,161393.487,304794.9,1.888520446,0.734198648,-0.30897565,11.99160068
2/3/2019,2,2019,5,North,257.222,1307105.185,2368197.52,1.811788024,0.704367443,-0.350455123,14.08332547
2/3/2019,2,2019,5,South,257.222,1516255.255,2471502.7,1.630004375,0.633695553,-0.45618664,14.23175421
2/3/2019,2,2019,5,West,257.222,586474.367,1023494.69,1.745165258,0.678466561,-0.387920084,13.28188424
2/10/2019,2,2019,6,North,257.222,1379159.84,2545396.31,1.845613711,0.717517829,-0.331957483,14.13698506
2/10/2019,2,2019,6,South,257.222,1599062.17,2644768.6,1.653949827,0.643004808,-0.441603077,14.28492787
2/10/2019,2,2019,6,West,257.222,638166.926,1137765.27,1.782864676,0.693122935,-0.3665479,13.36635517
2/17/2019,2,2019,7,North,257.222,1408947.37,2567810.19,1.822502561,0.708532925,-0.344558749,14.15835344
2/17/2019,2,2019,7,South,257.222,1693545.523,2764150.08,1.632167569,0.634536536,-0.454860411,14.34233483
2/17/2019,2,2019,7,West,257.222,628875.859,1123403.18,1.786367156,0.694484592,-0.364585303,13.35168915
2/24/2019,2,2019,8,North,257.222,1095418.77,1936307.1,1.767640973,0.687204428,-0.375123465,13.90664729
2/24/2019,2,2019,8,North,257.724,327048.175,633782.62,1.937887652,0.751923628,-0.285120518,12.69786276
2/24/2019,2,2019,8,South,257.222,1194553.42,1924091.99,1.610720758,0.626198676,-0.468087585,13.99328297
2/24/2019,2,2019,8,South,257.724,474129.12,798737.59,1.684641496,0.653661085,-0.42516628,13.06923497
2/24/2019,2,2019,8,West,257.222,456592.629,795958.51,1.743257467,0.677724871,-0.389013869,13.03154687
2/24/2019,2,2019,8,West,257.724,165256.81,318197.2,1.925471029,0.74710583,-0.291548431,12.01525597
3/3/2019,3,2019,9,North,257.724,1466436.675,2602951.37,1.775017915,0.688728219,-0.372908543,14.19834599
3/3/2019,3,2019,9,South,257.724,1722884.58,2788160.13,1.618309295,0.627923397,-0.4653371,14.35951053
3/3/2019,3,2019,9,West,257.724,611391.339,1111622.72,1.818185259,0.705477666,-0.348880166,13.32349252
3/10/2019,3,2019,10,North,257.724,1465133.62,2592130.19,1.769210777,0.68647498,-0.376185501,14.197457
3/10/2019,3,2019,10,South,257.724,1735011.035,2784343.94,1.60479898,0.622681233,-0.473720556,14.36652433
3/10/2019,3,2019,10,West,257.724,642497.692,1140011.26,1.774342965,0.68846633,-0.373288865,13.3731185
3/17/2019,3,2019,11,North,257.724,1477116.87,2680860.2,1.814927616,0.704213661,-0.350673473,14.20560268
3/17/2019,3,2019,11,South,257.724,1810206.715,2917262.42,1.611563141,0.625305808,-0.469514456,14.4089516
3/17/2019,3,2019,11,West,257.724,684317.591,1217871.18,1.779687087,0.690539914,-0.370281504,13.4361774
3/24/2019,3,2019,12,North,257.724,1508637.264,2870914.94,1.902985568,0.738381201,-0.303295055,14.22671733
3/24/2019,3,2019,12,South,257.724,1736203.105,2995555.07,1.725348297,0.669455812,-0.401290118,14.36721116
3/24/2019,3,2019,12,West,257.724,674660.047,1247504.48,1.849086048,0.717467542,-0.33202757,13.42196421
3/31/2019,3,2019,13,North,257.708,1531123.129,2964391.36,1.936089465,0.751272551,-0.285986776,14.2415121
3/31/2019,3,2019,13,South,257.708,1743893.372,3051400.47,1.749763213,0.678971244,-0.387176503,14.37163074
3/31/2019,3,2019,13,West,257.708,667447.291,1272599.15,1.90666614,0.739855239,-0.301300735,13.4112157
4/7/2019,4,2019,14,North,257.708,1549849.891,3012224.05,1.943558578,0.754170836,-0.282136364,14.25366864
4/7/2019,4,2019,14,South,257.708,1712449.763,2985912.9,1.743649925,0.676599067,-0.390676401,14.35343551
4/7/2019,4,2019,14,West,257.708,635751.054,1211856.55,1.906180953,0.739666969,-0.301555236,13.36256234
4/14/2019,4,2019,15,North,257.708,1539357.487,3014400.97,1.958220229,0.759860085,-0.274620961,14.24687567
4/14/2019,4,2019,15,South,257.708,1732883.525,3021965.14,1.743893976,0.676693768,-0.390536445,14.36529736
4/14/2019,4,2019,15,West,257.708,643561.31,1217292.28,1.891493881,0.733967856,-0.309290045,13.37477258
4/21/2019,4,2019,16,North,257.708,1489835.735,2920328.98,1.960168434,0.760616059,-0.27362657,14.21417643
4/21/2019,4,2019,16,South,257.708,1673946.255,2932664.8,1.751946809,0.679818558,-0.385929343,14.33069442
4/21/2019,4,2019,16,West,257.708,621672.215,1194870.88,1.922027157,0.745815868,-0.293276535,13.34016825
4/28/2019,4,2019,17,North,257.708,691943.81,1327418.86,1.918391119,0.744404954,-0.295170099,13.44726003
4/28/2019,4,2019,17,North,258.11,982215.025,1960994.32,1.996502059,0.773508217,-0.256818986,13.79756553
4/28/2019,4,2019,17,South,257.708,764213.35,1310542.62,1.714891031,0.665439579,-0.407307435,13.54660228
4/28/2019,4,2019,17,South,258.11,1058565.12,1852874.62,1.750364323,0.678146652,-0.388391714,13.87242489
4/28/2019,4,2019,17,West,257.708,269181.568,495500.47,1.840766713,0.714283884,-0.336474799,12.5031414
4/28/2019,4,2019,17,West,258.11,397461.936,773603,1.946357449,0.754080605,-0.282256014,12.89285445
5/5/2019,5,2019,18,North,258.11,1707227.301,3409793.28,1.997269654,0.773805608,-0.25643459,14.35038115
5/5/2019,5,2019,18,South,258.11,1777395.205,3133004.77,1.76269451,0.682923757,-0.381372055,14.39065948
5/5/2019,5,2019,18,West,258.11,658615.38,1262373.47,1.916708155,0.742593528,-0.297606453,13.397895
5/12/2019,5,2019,19,North,258.11,1641741.345,3263116.75,1.987594916,0.770057307,-0.261290342,14.31126803
5/12/2019,5,2019,19,South,258.11,1717948.674,3000859.1,1.746768775,0.676753622,-0.390447998,14.35664151
5/12/2019,5,2019,19,West,258.11,635108.134,1231145.55,1.938481786,0.751029323,-0.286310582,13.36155055
5/19/2019,5,2019,20,North,258.11,1645888.965,3266182.82,1.984449066,0.768838505,-0.262874337,14.3137912
5/19/2019,5,2019,20,South,258.11,1690129.345,2957488.84,1.74985947,0.677951056,-0.388680183,14.34031562
5/19/2019,5,2019,20,West,258.11,642101.863,1228482.96,1.913221298,0.741242609,-0.2994273,13.37250224
5/26/2019,5,2019,21,North,258.064,45110.85,100840.37,2.235390599,0.86621559,-0.143621453,10.71687807
5/26/2019,5,2019,21,North,258.11,1478342.885,2938250.52,1.987529787,0.770032074,-0.26132311,14.20643235
5/26/2019,5,2019,21,South,258.064,78108.91,157952.7,2.022211038,0.783608345,-0.243845944,11.26585941
5/26/2019,5,2019,21,South,258.11,1512802.465,2605839.67,1.722524738,0.667360714,-0.404424579,14.22947443
5/26/2019,5,2019,21,West,258.064,40859.45,86979.24,2.128742311,0.824889295,-0.192506089,10.61789341
5/26/2019,5,2019,21,West,258.11,570349.085,1076474.06,1.887395085,0.731236715,-0.313018048,13.25400388
6/2/2019,6,2019,22,North,258.064,1628120.017,3246787.32,1.994194093,0.772751756,-0.257797425,14.30293654
6/2/2019,6,2019,22,South,258.064,1631555.195,2854449.55,1.749526807,0.677942993,-0.388692075,14.30504423
6/2/2019,6,2019,22,West,258.064,630059.758,1210893.57,1.921870989,0.744726498,-0.294738245,13.35356995
6/9/2019,6,2019,23,North,258.064,1647144.9,3275108.05,1.988354546,0.770488928,-0.260729995,14.31455398
6/9/2019,6,2019,23,South,258.064,1634936.29,2839620.23,1.736838461,0.67302625,-0.395970946,14.3071144
6/9/2019,6,2019,23,West,258.064,648466.91,1241625.95,1.914709804,0.741951533,-0.298471358,13.38236626
6/16/2019,6,2019,24,North,258.064,1642228.669,3292204.69,2.004717584,0.776829618,-0.252534235,14.31156482
6/16/2019,6,2019,24,South,258.064,1630567.75,2846425.93,1.745665539,0.676446749,-0.39090155,14.30443883
6/16/2019,6,2019,24,West,258.064,640905.351,1222262.93,1.907088041,0.738998094,-0.302459938,13.37063707
6/23/2019,6,2019,25,North,258.064,1651915.055,3298781.98,1.996944074,0.773817376,-0.256419381,14.31744581
6/23/2019,6,2019,25,South,258.064,1608157.73,2803067.16,1.743029995,0.675425474,-0.392412455,14.29059981
6/23/2019,6,2019,25,West,258.064,637369.618,1207781.01,1.894946003,0.734293045,-0.308847087,13.36510501
6/30/2019,6,2019,26,North,258.274,1454573.46,2912994.43,2.002645112,0.775395554,-0.254381988,14.19022326
6/30/2019,6,2019,26,South,258.274,1477344.605,2569301.88,1.739135115,0.673368251,-0.395462921,14.20575685
6/30/2019,6,2019,26,West,258.274,586295.249,1130551.04,1.928296438,0.74660881,-0.292213913,13.28157878
7/7/2019,7,2019,27,North,258.274,1600314.532,3209485.18,2.005533985,0.776514084,-0.252940499,14.28571075
7/7/2019,7,2019,27,South,258.274,1569465.413,2718310.68,1.731997824,0.670604793,-0.399575297,14.26624562
7/7/2019,7,2019,27,West,258.274,619735.45,1183623.1,1.909884452,0.739479952,-0.301808107,13.33704797
7/14/2019,7,2019,28,North,258.274,1627467.005,3258500.15,2.002191221,0.775219813,-0.25460866,14.30253538
7/14/2019,7,2019,28,South,258.274,1597848.365,2757543.92,1.725785738,0.668199563,-0.403168404,14.28416851
7/14/2019,7,2019,28,West,258.274,628134.07,1209186.33,1.925044967,0.745349887,-0.293901524,13.35050891
7/21/2019,7,2019,29,North,258.274,1608800.644,3217370.57,1.99985659,0.774315878,-0.255775378,14.29099952
7/21/2019,7,2019,29,South,258.274,1578134.06,2727290.54,1.728174183,0.669124334,-0.401785385,14.27175373
7/21/2019,7,2019,29,West,258.274,620454.163,1252254.17,2.018286353,0.781451619,-0.24660204,13.33820701
7/28/2019,7,2019,30,North,258.274,915425.18,1755487.81,1.917674812,0.742496268,-0.297737434,13.72714391
7/28/2019,7,2019,30,North,258.41,675977.724,1414162.7,2.092025595,0.809576098,-0.211244504,13.4239154
7/28/2019,7,2019,30,South,258.274,881085.865,1481403.12,1.68133797,0.650990022,-0.429260964,13.68891036
7/28/2019,7,2019,30,South,258.41,722170.92,1270706.26,1.759564426,0.680919634,-0.384310992,13.49001712
7/28/2019,7,2019,30,West,258.274,339953.58,633715.17,1.864122655,0.721761639,-0.326060335,12.73656436
7/28/2019,7,2019,30,West,258.41,290131.065,575007.4,1.981888427,0.766955004,-0.265327144,12.57808805
8/4/2019,8,2019,31,North,258.41,1604835.101,3170506.11,1.975596189,0.764520022,-0.268507064,14.28853157
8/4/2019,8,2019,31,South,258.41,1619575.445,2736739.79,1.689788394,0.65391757,-0.424773974,14.2976746
8/4/2019,8,2019,31,West,258.41,633721.265,1205801.93,1.902732316,0.73632302,-0.306086371,13.35936449
8/11/2019,8,2019,32,North,258.41,1594776.693,3157423.03,1.979852755,0.766167236,-0.266354809,14.28224428
8/11/2019,8,2019,32,South,258.41,1612334.321,2699934.91,1.674550293,0.648020701,-0.433832637,14.29319358
8/11/2019,8,2019,32,West,258.41,646310.05,1199321.43,1.855644098,0.718100731,-0.331145426,13.37903462
8/18/2019,8,2019,33,North,258.41,1590920.125,3131001.23,1.968044266,0.761597564,-0.272336993,14.2798231
8/18/2019,8,2019,33,South,258.41,1593758.961,2661526.38,1.669967947,0.646247416,-0.436572852,14.28160591
8/18/2019,8,2019,33,West,258.41,646796.5,1210032.01,1.870807913,0.723968853,-0.323006909,13.379787
8/25/2019,8,2019,34,North,258.41,1561783.83,3039247.86,1.946010582,0.753070927,-0.283595863,14.26133921
8/25/2019,8,2019,34,South,258.41,1553469.06,2587861.8,1.665859892,0.644657673,-0.439035843,14.25600109
8/25/2019,8,2019,34,West,258.41,621907.99,1153268.41,1.854403591,0.717620677,-0.331814155,13.34054743
9/1/2019,9,2019,35,North,258.943,1448558.436,2812352.3,1.941483498,0.749772536,-0.287985404,14.18607944
9/1/2019,9,2019,35,South,258.943,1448384.305,2396682.8,1.654728508,0.639031952,-0.447800822,14.18595922
9/1/2019,9,2019,35,West,258.943,606844.07,1126702.75,1.856659405,0.717014712,-0.33265892,13.31602715
9/8/2019,9,2019,36,North,258.943,1493344.099,2911718.61,1.949797513,0.752983287,-0.283712247,14.21652852
9/8/2019,9,2019,36,South,258.943,1531097.115,2550929.43,1.666079444,0.643415518,-0.440964546,14.24149511
9/8/2019,9,2019,36,West,258.943,606847.174,1130204.43,1.862420191,0.719239443,-0.329560954,13.31603227
9/15/2019,9,2019,37,North,258.943,1485753.8,2908023.28,1.957271306,0.755869556,-0.279886462,14.21143281
9/15/2019,9,2019,37,South,258.943,1523609.415,2545306.72,1.670576918,0.645152376,-0.438268748,14.23659269
9/15/2019,9,2019,37,West,258.943,602709.985,1144403.05,1.898762387,0.733274268,-0.310235475,13.30919141
9/22/2019,9,2019,38,North,258.943,1483021.959,2845493.12,1.918712736,0.740978801,-0.299783263,14.20959243
9/22/2019,9,2019,38,South,258.943,1509681.035,2501194.05,1.656769869,0.639820296,-0.44656793,14.22740895
9/22/2019,9,2019,38,West,258.943,606578.169,1119284.07,1.845242917,0.712605831,-0.338826843,13.31558888
9/29/2019,9,2019,39,North,258.943,283263.335,536891.16,1.895378235,0.731967358,-0.312019359,12.55413226
9/29/2019,9,2019,39,North,259.632,1187147.339,2254948.26,1.899467897,0.731600071,-0.312521265,13.98706379
9/29/2019,9,2019,39,South,258.943,340682.665,543598.37,1.595614998,0.616203179,-0.484178533,12.73870672
9/29/2019,9,2019,39,South,259.632,1189142.51,1965450.52,1.652830088,0.636604921,-0.451606034,13.98874303
9/29/2019,9,2019,39,West,258.943,108450.19,188755.03,1.740476711,0.672146654,-0.397278727,11.59404627
9/29/2019,9,2019,39,West,259.632,505998.32,930823.55,1.839578341,0.708532978,-0.344558675,13.13428863
10/6/2019,10,2019,40,North,259.632,1461490.999,2749701.73,1.881435966,0.724654883,-0.322059761,14.1949677
10/6/2019,10,2019,40,South,259.632,1547296.804,2491059.76,1.609943066,0.620086532,-0.477896242,14.25201997
10/6/2019,10,2019,40,West,259.632,614044.13,1099545.77,1.790662456,0.689692509,-0.371509419,13.32782208
10/13/2019,10,2019,41,North,259.632,1467080.369,2732589.66,1.862603929,0.717401526,-0.332119587,14.19878484
10/13/2019,10,2019,41,South,259.632,1556100.56,2496519.72,1.604343437,0.617929776,-0.481380459,14.25769361
10/13/2019,10,2019,41,West,259.632,607945.488,1097283.25,1.804904011,0.695177794,-0.363587647,13.3178405
10/20/2019,10,2019,42,North,259.632,1447177.359,2634344.75,1.820333032,0.701120444,-0.355075589,14.18512557
10/20/2019,10,2019,42,South,259.632,1545202.705,2428713.73,1.571776779,0.605386385,-0.501888372,14.25066566
10/20/2019,10,2019,42,West,259.632,625162.341,1094496.37,1.750739445,0.674315741,-0.394056819,13.34576664
10/27/2019,10,2019,43,North,259.467,317127.475,604248.63,1.905380888,0.734344209,-0.308777411,12.6670591
10/27/2019,10,2019,43,North,259.632,1088339.405,1902330.95,1.747920677,0.673230063,-0.395668161,13.90016361
10/27/2019,10,2019,43,South,259.467,414553.015,666701.78,1.608242507,0.619825452,-0.478317369,12.93495615
10/27/2019,10,2019,43,South,259.632,1099520.915,1681124.29,1.52896072,0.588895329,-0.529506821,13.91038511
10/27/2019,10,2019,43,West,259.467,156948.373,292306.14,1.86243498,0.717792621,-0.33157458,11.9636722
10/27/2019,10,2019,43,West,259.632,432632.55,727492.35,1.681547886,0.647665883,-0.434380328,12.97764403
11/3/2019,11,2019,44,North,259.467,1432981.68,2555471.29,1.783324467,0.687302997,-0.374980041,14.17526792
11/3/2019,11,2019,44,South,259.467,1553591.66,2411893,1.552462634,0.598327584,-0.513616875,14.25608001
11/3/2019,11,2019,44,West,259.467,619145.92,1055237.53,1.704343832,0.656863429,-0.420279153,13.33609626
11/10/2019,11,2019,45,North,259.467,1391308.22,2473691.51,1.777960825,0.68523582,-0.377992238,14.14575503
11/10/2019,11,2019,45,South,259.467,1509710.42,2354377.04,1.559489163,0.601035647,-0.509101033,14.22742842
11/10/2019,11,2019,45,West,259.467,620923.28,1064858.33,1.714959584,0.660954797,-0.414069827,13.33896281
11/17/2019,11,2019,46,North,259.467,1372644.82,2416837.07,1.760715543,0.678589394,-0.387739056,14.13224996
11/17/2019,11,2019,46,South,259.467,1513373.925,2313549.69,1.528736323,0.589183335,-0.529017879,14.2298521
11/17/2019,11,2019,46,West,259.467,597370.716,1000099.23,1.674168491,0.645233687,-0.438142722,13.30029316
11/24/2019,11,2019,47,North,259.467,1190474.6,2073238.68,1.741522818,0.671192413,-0.398699428,13.98986261
11/24/2019,11,2019,47,South,259.467,1338092.068,1979521.27,1.479361038,0.57015383,-0.561849078,14.10675533
11/24/2019,11,2019,47,West,259.467,525845.671,868763.63,1.652126618,0.636738629,-0.451396023,13.17276305
12/1/2019,12,2019,48,North,259.823,1414667.285,2551492.09,1.80359871,0.694164377,-0.365046492,14.16240493
12/1/2019,12,2019,48,South,259.823,1568601.39,2454810,1.564967375,0.60232057,-0.506965467,14.26569495
12/1/2019,12,2019,48,West,259.823,626148.442,1048673.04,1.674799408,0.644592437,-0.439137042,13.34734275
12/8/2019,12,2019,49,North,259.823,1488915.19,2740622.69,1.840684217,0.708437751,-0.344693085,14.21355835
12/8/2019,12,2019,49,South,259.823,1638859.355,2590720.93,1.58080736,0.608417022,-0.49689474,14.30951104
12/8/2019,12,2019,49,West,259.823,654517.012,1137031.08,1.737206305,0.668611441,-0.402552193,13.39165286
12/15/2019,12,2019,50,North,259.823,1502977.344,2723325.5,1.811953793,0.69738006,-0.360424737,14.22295859
12/15/2019,12,2019,50,South,259.823,1629357.61,2526932.68,1.550876655,0.596897371,-0.516010089,14.30369639
12/15/2019,12,2019,50,West,259.823,650085.481,1104296.32,1.698694021,0.653788934,-0.424970711,13.38485914
12/22/2019,12,2019,51,North,259.823,1191386.407,2094364.42,1.757922037,0.676584458,-0.390697993,13.99062823
12/22/2019,12,2019,51,South,259.823,1329552.66,2011166.71,1.512664199,0.58219026,-0.540957977,14.1003531
12/22/2019,12,2019,51,West,259.823,543541.59,913715.99,1.681041537,0.646994892,-0.43541688,13.20586151
12/29/2019,12,2019,52,North,259.823,685236.12,1182855.21,1.726200904,0.664375711,-0.408907459,13.43751876
12/29/2019,12,2019,52,North,261.057,640763.495,1137579.9,1.77535067,0.680062465,-0.385570624,13.37041571
12/29/2019,12,2019,52,South,259.823,738902.805,1111448.78,1.504188064,0.578927987,-0.546577183,13.51292167
12/29/2019,12,2019,52,South,261.057,765658.695,1195979.27,1.562026629,0.598346962,-0.513584489,13.54849178
12/29/2019,12,2019,52,West,259.823,281467.92,468768.69,1.665442691,0.640991248,-0.444739476,12.54777376
12/29/2019,12,2019,52,West,261.057,342204.241,586749.49,1.714617821,0.656798255,-0.420378377,12.74316303
1/5/2020,1,2020,1,North,261.057,1375164.767,2381899.29,1.732082836,0.663488371,-0.410243952,14.13408411
1/5/2020,1,2020,1,South,261.057,1586872.111,2419648.13,1.524790885,0.584083508,-0.537711312,14.27727541
1/5/2020,1,2020,1,West,261.057,634957.67,1082910.93,1.705485233,0.653299943,-0.425718924,13.36131361
1/12/2020,1,2020,2,North,261.057,1400931.591,2440713.36,1.742207382,0.66736666,-0.404415669,14.152648
1/12/2020,1,2020,2,South,261.057,1568327.33,2422121.71,1.544398075,0.591594202,-0.524934349,14.26552021
1/12/2020,1,2020,2,West,261.057,606540.865,1047954.61,1.727755986,0.661830936,-0.41274514,13.31552738
1/19/2020,1,2020,3,North,261.057,1372774.084,2396740.06,1.745910043,0.668784994,-0.402292654,14.13234413
1/19/2020,1,2020,3,South,261.057,1575833.76,2434860.48,1.545125217,0.591872739,-0.524463635,14.27029506
1/19/2020,1,2020,3,West,261.057,600731.47,1062619.16,1.768875468,0.677582087,-0.389224573,13.30590331
1/26/2020,1,2020,4,North,261.057,1362633.037,2335172.88,1.713721021,0.656454729,-0.420901546,14.12492944
1/26/2020,1,2020,4,North,261.876,32630.2,62719.76,1.922138387,0.733987989,-0.309262614,10.39299352
1/26/2020,1,2020,4,South,261.057,1496289.878,2256957.27,1.508369002,0.577792973,-0.548539652,14.21849919
1/26/2020,1,2020,4,South,261.876,66870.17,119405.95,1.785638499,0.681864126,-0.382924869,11.11050826
1/26/2020,1,2020,4,West,261.057,559320.406,962119.5,1.720158052,0.658920486,-0.417152411,13.23447777
1/26/2020,1,2020,4,West,261.876,37756.21,71998.81,1.906939547,0.728184159,-0.317201298,10.53890524
2/2/2020,2,2020,5,North,261.876,1351170.815,2312838.77,1.711729372,0.653641178,-0.425196735,14.11648204
2/2/2020,2,2020,5,South,261.876,1545437.27,2333849.34,1.510154689,0.576667846,-0.550488835,14.25081745
2/2/2020,2,2020,5,West,261.876,597667.87,1006844.26,1.684621695,0.643289837,-0.441159898,13.30079048
2/9/2020,2,2020,6,North,261.876,1438739.96,2484410.15,1.726795821,0.659394454,-0.416433359,14.17927826
2/9/2020,2,2020,6,South,261.876,1620595.6,2472938.76,1.525944387,0.582697302,-0.540087435,14.29830429
2/9/2020,2,2020,6,West,261.876,656355.002,1112551.78,1.695045786,0.647270382,-0.434991171,13.39445708
2/16/2020,2,2020,7,North,261.876,1417381.845,2445925.23,1.725664286,0.658962366,-0.417088853,14.16432196
2/16/2020,2,2020,7,South,261.876,1641934.779,2477177.1,1.50869397,0.576110056,-0.551456567,14.31138585
2/16/2020,2,2020,7,West,261.876,656716.044,1108678.04,1.688215249,0.644662073,-0.439029018,13.395007
2/23/2020,2,2020,8,North,261.876,1474943.485,2508574.84,1.700793871,0.649465347,-0.431605798,14.20413023
2/23/2020,2,2020,8,South,261.876,1653393.38,2465192.58,1.490989749,0.56934952,-0.563260763,14.31834033
2/23/2020,2,2020,8,West,261.876,664862.203,1107383.51,1.665583492,0.636019907,-0.452525415,13.40733508
3/1/2020,3,2020,9,North,262.708,1499159.695,2523352.68,1.683178042,0.640703002,-0.445189265,14.22041531
3/1/2020,3,2020,9,South,262.708,1672240.428,2504092.59,1.497447704,0.570004608,-0.562110835,14.32967486
3/1/2020,3,2020,9,West,262.708,685968.971,1144310.42,1.668166445,0.634988826,-0.454147877,13.43858767
3/8/2020,3,2020,10,North,262.708,1519362.68,2571128.88,1.692241697,0.644153089,-0.439818865,14.23380152
3/8/2020,3,2020,10,South,262.708,1687737.02,2568883.13,1.522087327,0.579383699,-0.545790329,14.33889915
3/8/2020,3,2020,10,West,262.708,662246.99,1101274.34,1.662935969,0.632997841,-0.457288267,13.40339386
3/15/2020,3,2020,11,North,262.708,1222257.835,1912930.29,1.56507918,0.59574858,-0.517936546,14.01621039
3/15/2020,3,2020,11,South,262.708,1375252.74,2026343.72,1.47343369,0.560863655,-0.578277442,14.13414808
3/15/2020,3,2020,11,West,262.708,511685,788759.92,1.5414951,0.586771282,-0.533120174,13.14546448
3/22/2020,3,2020,12,North,262.708,841669.02,1436133.58,1.706292552,0.649501558,-0.431550045,13.64314213
3/22/2020,3,2020,12,South,262.708,706129.675,1178525.52,1.66899305,0.635303474,-0.453652483,13.46755418
3/22/2020,3,2020,12,West,262.708,289969.196,452887.56,1.561847142,0.594518302,-0.520003777,12.57752998
3/29/2020,3,2020,13,North,262.708,361883.05,629909.32,1.740643338,0.66257721,-0.411618184,12.79907637
3/29/2020,3,2020,13,North,266.757,297976.68,562025.16,1.88613807,0.707062259,-0.346636556,12.60477051
3/29/2020,3,2020,13,South,262.708,383820.91,625055.64,1.628508567,0.619893024,-0.478208357,12.85793134
3/29/2020,3,2020,13,South,266.757,385626.995,628300.49,1.629295921,0.610779069,-0.493019974,12.86262585
3/29/2020,3,2020,13,West,262.708,177827.846,267561.75,1.504611094,0.572731357,-0.557338507,12.0885712
3/29/2020,3,2020,13,West,266.757,134362.646,222363.32,1.654948951,0.620395697,-0.477397783,11.80829774
4/5/2020,4,2020,14,North,266.757,630074.12,1153903.61,1.831377569,0.686534025,-0.376099492,13.35359274
4/5/2020,4,2020,14,South,266.757,727343.25,1209641.68,1.663096042,0.623449822,-0.472486995,13.49715379
4/5/2020,4,2020,14,West,266.757,261200.852,439975.91,1.684435202,0.631449297,-0.45973763,12.47304494
4/12/2020,4,2020,15,North,266.757,668769.19,1117939.23,1.671636862,0.626651545,-0.467364643,13.41319427
4/12/2020,4,2020,15,South,266.757,741467.9,1158939.61,1.563034098,0.5859393,-0.534539079,13.51638715
4/12/2020,4,2020,15,West,266.757,271309.11,455184.7,1.67773467,0.628937449,-0.463723473,12.51101408
4/19/2020,4,2020,16,North,266.757,907536.63,1381776.19,1.522556935,0.570765504,-0.56077683,13.71848921
4/19/2020,4,2020,16,South,266.757,965705.28,1358408.76,1.406649408,0.5273149,-0.639957376,13.78061397
4/19/2020,4,2020,16,West,266.757,334517.78,512731.85,1.532749171,0.574586298,-0.554104979,12.72044531
4/26/2020,4,2020,17,North,266.757,831373.76,1208226.48,1.453289168,0.544798887,-0.607338566,13.63083474
4/26/2020,4,2020,17,North,268.439,350555.04,500901.58,1.42888141,0.532292778,-0.630561606,12.76727301
4/26/2020,4,2020,17,South,266.757,884043.08,1160211.26,1.31239222,0.491980424,-0.709316352,13.69226107
4/26/2020,4,2020,17,South,268.439,337552.46,451341.97,1.337101706,0.498102625,-0.696949149,12.72947621
4/26/2020,4,2020,17,West,266.757,312409.74,432410.4,1.384113056,0.51886663,-0.656108404,12.65207087
4/26/2020,4,2020,17,West,268.439,124756.67,182983.15,1.466720377,0.546388705,-0.604424642,11.73412048
5/3/2020,5,2020,18,North,268.439,1419353.55,2160954.2,1.522491841,0.567164921,-0.567105152,14.16571208
5/3/2020,5,2020,18,South,268.439,1449139.98,2045762.12,1.411707736,0.52589517,-0.642653382,14.18648082
5/3/2020,5,2020,18,West,268.439,496706.761,724269.49,1.458143007,0.543193428,-0.610289801,13.11575511
5/10/2020,5,2020,19,North,268.439,1249982.762,2165763.58,1.732634758,0.645448224,-0.437810283,14.03864032
5/10/2020,5,2020,19,South,268.439,1337295.52,2228905.5,1.666726215,0.620895702,-0.476592162,14.10615986
5/10/2020,5,2020,19,West,268.439,512417.332,1028299.01,2.00676079,0.747566781,-0.290931639,13.14689467
5/17/2020,5,2020,20,North,268.439,971968.09,2049845.53,2.108963814,0.785639871,-0.241256771,13.78707825
5/17/2020,5,2020,20,South,268.439,1207896.14,2301936.03,1.905740033,0.709934113,-0.342583112,14.00439068
5/17/2020,5,2020,20,West,268.439,465502.72,877754.73,1.885606018,0.702433707,-0.35320425,13.05087322
5/24/2020,5,2020,21,North,268.439,862962.16,1780518.26,2.063263423,0.768615374,-0.263164599,13.66812612
5/24/2020,5,2020,21,South,268.439,996384.8,1957871,1.964974777,0.732000483,-0.311974105,13.81188881
5/24/2020,5,2020,21,West,268.439,371439.99,757892.45,2.040416946,0.76010451,-0.274299342,12.8251426
5/31/2020,5,2020,22,North,269.77,929404.16,1932406.99,2.07918909,0.770726578,-0.260421601,13.74229897
5/31/2020,5,2020,22,South,269.77,1131565.93,2188317.25,1.933884003,0.716863996,-0.332869141,13.93911301
5/31/2020,5,2020,22,West,269.77,393854.435,796359.86,2.021964942,0.74951438,-0.288329776,12.88373667
6/7/2020,6,2020,23,North,269.77,1060767.365,2090626.84,1.970862707,0.730571489,-0.313928189,13.87450313
6/7/2020,6,2020,23,South,269.77,1242647.239,2236544.74,1.799822725,0.667169339,-0.404711384,14.03275453
6/7/2020,6,2020,23,West,269.77,424059.666,837981.11,1.976092463,0.732510088,-0.311278167,12.95762945
6/14/2020,6,2020,24,North,269.77,1158726.585,2187974.91,1.888258143,0.699951123,-0.356744771,13.96283219
6/14/2020,6,2020,24,South,269.77,1304122.726,2202332.73,1.688746531,0.625994933,-0.468413002,14.08104113
6/14/2020,6,2020,24,West,269.77,448541.14,842061.55,1.877334039,0.695901708,-0.362546852,13.01375568
6/21/2020,6,2020,25,North,269.77,1252186.09,2269750.99,1.812630733,0.67191709,-0.397620325,14.04040145
6/21/2020,6,2020,25,South,269.77,1320008.92,2142946.33,1.623433219,0.601784194,-0.50785638,14.09314905
6/21/2020,6,2020,25,West,269.77,493340.786,857384.95,1.737916212,0.644221452,-0.439712742,13.10895546
6/28/2020,6,2020,26,North,268.863,642770.879,1194753.06,1.858754183,0.69133878,-0.369125301,13.37354361
6/28/2020,6,2020,26,North,269.77,554208.435,1006880.33,1.816789977,0.673458864,-0.395328363,13.22529613
6/28/2020,6,2020,26,South,268.863,650124.02,1068248.65,1.643145949,0.611146178,-0.492419104,13.38491842
6/28/2020,6,2020,26,South,269.77,580387.14,935012.63,1.611015416,0.597181086,-0.515534885,13.27145064
6/28/2020,6,2020,26,West,268.863,269922.624,460274.83,1.705210268,0.634230172,-0.455343343,12.50589062
6/28/2020,6,2020,26,West,269.77,231665.71,392485.57,1.694189313,0.628012497,-0.465195213,12.35305071
7/5/2020,7,2020,27,North,268.863,1133470.29,2134187.35,1.88287895,0.700311664,-0.356229808,13.94079454
7/5/2020,7,2020,27,South,268.863,1191466.62,1945022.97,1.632461151,0.60717211,-0.498942985,13.99069556
7/5/2020,7,2020,27,West,268.863,443281.29,778754.97,1.75679639,0.653416941,-0.425539853,13.00195981
7/12/2020,7,2020,28,North,268.863,1213809.465,2310724.81,1.903696483,0.708054468,-0.345234257,14.00927429
7/12/2020,7,2020,28,South,268.863,1266535.18,2079554.56,1.64192404,0.610691706,-0.493163021,14.05179553
7/12/2020,7,2020,28,West,268.863,464219.307,817708.27,1.761469757,0.655155137,-0.42288322,13.04811236
7/19/2020,7,2020,29,North,268.863,1266766.875,2385205.5,1.882908013,0.700322474,-0.356214373,14.05197844
7/19/2020,7,2020,29,South,268.863,1252130.565,2062723.99,1.647371327,0.612717751,-0.489850888,14.04035711
7/19/2020,7,2020,29,West,268.863,462396.42,821104.55,1.775758882,0.660469787,-0.414803899,13.04417785
7/26/2020,7,2020,30,North,268.863,1252945.32,2345016.02,1.871602841,0.696117666,-0.362236572,14.04100759
7/26/2020,7,2020,30,North,269.079,19973.2,46024.05,2.304290249,0.856361979,-0.15506212,9.902146654
7/26/2020,7,2020,30,South,268.863,1264936.055,2011754.51,1.590400165,0.591528088,-0.52504611,14.05053213
7/26/2020,7,2020,30,South,269.079,30607.54,62723.04,2.049267599,0.761585854,-0.27235237,10.32900166
7/26/2020,7,2020,30,West,268.863,463301.05,804961.86,1.737448814,0.646220869,-0.436613932,13.04613234
7/26/2020,7,2020,30,West,269.079,23192.19,42482.74,1.831769229,0.680755179,-0.384552539,10.05157086
8/2/2020,8,2020,31,North,269.079,1299791.99,2429293.32,1.868986221,0.694586431,-0.364438675,14.0777148
8/2/2020,8,2020,31,South,269.079,1342912.075,2182654.51,1.625314531,0.604028754,-0.504133476,14.110351
8/2/2020,8,2020,31,West,269.079,523827.869,905623.01,1.728856106,0.642508745,-0.442374851,13.16891842
8/9/2020,8,2020,32,North,269.079,1355721.629,2561454.45,1.889366073,0.702160359,-0.353593469,14.11984444
8/9/2020,8,2020,32,South,269.079,1333638.22,2188800.6,1.641225159,0.609941749,-0.49439182,14.10342127
8/9/2020,8,2020,32,West,269.079,523958.42,931187.2,1.777215833,0.660481061,-0.41478683,13.16916761
8/16/2020,8,2020,33,North,269.079,1298087.91,2484405.38,1.913896094,0.711276649,-0.340693827,14.0764029
8/16/2020,8,2020,33,South,269.079,1372717.04,2244457.59,1.635047519,0.607645903,-0.498162964,14.13230257
8/16/2020,8,2020,33,West,269.079,495067.79,891027.27,1.799808608,0.668877396,-0.4021545,13.11244998
8/23/2020,8,2020,34,North,269.079,1264355.84,2402561.55,1.90022577,0.706196236,-0.347862125,14.05007333
8/23/2020,8,2020,34,South,269.079,1298332.475,2117972.26,1.631301921,0.606253896,-0.500456411,14.07659129
8/23/2020,8,2020,34,West,269.079,486807.12,873711.22,1.794779049,0.66700822,-0.404952909,13.09562327
8/30/2020,8,2020,35,North,269.079,250061.31,454511.01,1.817598292,0.67548872,-0.392318821,12.42946141
8/30/2020,8,2020,35,North,269.163,970805.5,1849943.42,1.905575751,0.707963484,-0.345362764,13.78588142
8/30/2020,8,2020,35,South,269.079,294867.34,454444.83,1.541184012,0.57276265,-0.557283871,12.59428084
8/30/2020,8,2020,35,South,269.163,995676.8,1640058.59,1.647179677,0.611963634,-0.491082419,13.81117799
8/30/2020,8,2020,35,West,269.079,99156.114,168096.55,1.69527166,0.630027486,-0.461991831,11.5044508
8/30/2020,8,2020,35,West,269.163,393858.002,700821.83,1.779376898,0.661077822,-0.413883712,12.88374572
9/6/2020,9,2020,36,North,269.163,1137952.648,2092612.51,1.838927581,0.683202216,-0.380964393,13.94474128
9/6/2020,9,2020,36,South,269.163,1255016.21,1976268.33,1.574695462,0.585034147,-0.536085062,14.04265905
9/6/2020,9,2020,36,West,269.163,479933.912,821921.37,1.71257198,0.636258319,-0.452150636,13.08140369
9/13/2020,9,2020,37,North,269.163,1187558.47,2093082.46,1.762508974,0.654811015,-0.423408611,13.98741005
9/13/2020,9,2020,37,South,269.163,1234724.943,1894736.66,1.534541495,0.570116062,-0.561915322,14.02635879
9/13/2020,9,2020,37,West,269.163,484755.21,812151.73,1.675385253,0.622442629,-0.474103818,13.09139932
9/20/2020,9,2020,38,North,269.163,1229681.945,2112497.88,1.717922174,0.638246034,-0.449031436,14.02226611
9/20/2020,9,2020,38,South,269.163,1308274.91,1956173.4,1.495231151,0.555511401,-0.587866147,14.08421996
9/20/2020,9,2020,38,West,269.163,512513.322,821292.62,1.60248053,0.595356914,-0.518594198,13.14708198
9/27/2020,9,2020,39,North,269.163,706271.885,1173729.85,1.661866874,0.617420253,-0.482205364,13.46775555
9/27/2020,9,2020,39,North,269.828,517319.05,917851.72,1.774246899,0.657547363,-0.419238483,13.15641508
9/27/2020,9,2020,39,South,269.163,760076.35,1076124.94,1.415811635,0.526005296,-0.642443998,13.54117417
9/27/2020,9,2020,39,South,269.828,576883.69,869683,1.507553455,0.55870905,-0.582126425,13.26539595
9/27/2020,9,2020,39,West,269.163,299858.32,468299.04,1.561734355,0.58021881,-0.544349988,12.61106538
9/27/2020,9,2020,39,West,269.828,228209,373280.12,1.635694122,0.606198809,-0.500547279,12.33801715
10/4/2020,10,2020,40,North,269.828,1214757.139,2058784.99,1.694812011,0.628108281,-0.465042706,14.01005473
10/4/2020,10,2020,40,South,269.828,1343668.84,1968028.58,1.464667872,0.542815376,-0.610986025,14.11091437
10/4/2020,10,2020,40,West,269.828,523669.15,827917.53,1.580993515,0.58592641,-0.534561077,13.16861537
10/11/2020,10,2020,41,North,269.828,1148234.09,1942610.2,1.691824182,0.627000972,-0.466807189,13.95373575
10/11/2020,10,2020,41,South,269.828,1320611.52,1926757.95,1.458989204,0.540710825,-0.614870663,14.09360546
10/11/2020,10,2020,41,West,269.828,513012.34,811356.99,1.581554529,0.586134326,-0.53420629,13.14805518
10/18/2020,10,2020,42,North,269.828,1097728.185,1836549.67,1.673045928,0.620041629,-0.477968659,13.90875332
10/18/2020,10,2020,42,South,269.828,1305866.84,1892229.5,1.449021785,0.537016835,-0.621725835,14.08237762
10/18/2020,10,2020,42,West,269.828,500455.167,800221.29,1.598986968,0.5925949,-0.523244249,13.1232733
10/25/2020,10,2020,43,North,269.828,1073238.8,1776763.3,1.655515343,0.613544681,-0.488502187,13.88619155
10/25/2020,10,2020,43,South,269.828,1285070.69,1823269.82,1.418808968,0.52581977,-0.642796768,14.06632429
10/25/2020,10,2020,43,West,269.828,488631.91,743942,1.52249983,0.564248273,-0.572260924,13.09936474
11/1/2020,11,2020,44,North,269.069,1029749.735,1678907.33,1.630403265,0.60594244,-0.50097028,13.84482635
11/1/2020,11,2020,44,South,269.069,1314175.87,1881472.07,1.431674491,0.532084518,-0.630952934,14.08872031
11/1/2020,11,2020,44,West,269.069,472696.05,729796.36,1.543901964,0.573794069,-0.555484711,13.06620786
11/8/2020,11,2020,45,North,269.069,1090775.09,1808313.57,1.65782441,0.616133561,-0.48429152,13.90239909
11/8/2020,11,2020,45,South,269.069,1289839.05,1862886.36,1.444278152,0.536768692,-0.622188018,14.070028
11/8/2020,11,2020,45,West,269.069,487184.81,756383.32,1.552559325,0.577011594,-0.549892919,13.09639882
11/15/2020,11,2020,46,North,269.069,1010971.664,1644345.69,1.626500275,0.604491887,-0.50336703,13.82642247
11/15/2020,11,2020,46,South,269.069,1270391.898,1831606.3,1.441764784,0.535834594,-0.623929759,14.05483599
11/15/2020,11,2020,46,West,269.069,459174.787,692654.71,1.508477228,0.5606284,-0.578696982,13.03718622
11/22/2020,11,2020,47,North,269.069,791563.25,1324399.88,1.67314473,0.621827386,-0.475092739,13.58176507
11/22/2020,11,2020,47,South,269.069,1033378.824,1545613.46,1.495689116,0.555875674,-0.587210618,13.8483444
11/22/2020,11,2020,47,West,269.069,374853.853,576425.28,1.537733374,0.571501501,-0.559488169,12.8342915
11/29/2020,11,2020,48,North,269.069,170002.95,276249.05,1.624966214,0.60392175,-0.504310642,12.04357107
11/29/2020,11,2020,48,North,270.023,705756.18,1154854.17,1.636335894,0.605998709,-0.500877423,13.4670251
11/29/2020,11,2020,48,South,269.069,262776.72,376482.47,1.432708613,0.532468851,-0.630230879,12.47905998
11/29/2020,11,2020,48,South,270.023,912491.54,1373924.46,1.505684601,0.557613463,-0.584089276,13.72393409
11/29/2020,11,2020,48,West,269.069,80987.32,117710.75,1.453446663,0.540176186,-0.615859922,11.30204788
11/29/2020,11,2020,48,West,270.023,334555.66,519856.86,1.55387256,0.575459335,-0.552586713,12.72055854
12/6/2020,12,2020,49,North,270.023,950885.44,1598952.52,1.681540649,0.622739785,-0.473626528,13.76514887
12/6/2020,12,2020,49,South,270.023,1232206.143,1884509.34,1.529378303,0.566388161,-0.56847564,14.02431673
12/6/2020,12,2020,49,West,270.023,438228.619,677886.48,1.546878617,0.572869206,-0.55709785,12.99049601
12/13/2020,12,2020,50,North,270.023,999316.13,1664043.79,1.665182558,0.616681749,-0.483402192,13.81482645
12/13/2020,12,2020,50,South,270.023,1259407.49,1919721.91,1.524305616,0.564509548,-0.571797982,14.04615192
12/13/2020,12,2020,50,West,270.023,427259.238,683212.01,1.599057315,0.592193004,-0.523922677,12.96514622
12/20/2020,12,2020,51,North,270.023,819301.22,1360765.21,1.660885126,0.615090243,-0.485986286,13.61620709
12/20/2020,12,2020,51,South,270.023,1023571.69,1529190.76,1.493975239,0.553277032,-0.591896442,13.83880873
12/20/2020,12,2020,51,West,270.023,376799.51,597396.85,1.585450177,0.587153753,-0.532468564,12.83946852
12/27/2020,12,2020,52,North,270.023,830384.065,1369379.53,1.649091773,0.610722706,-0.493112259,13.6296436
12/27/2020,12,2020,52,North,270.938,22885.25,47198.49,2.062397833,0.761206561,-0.272850524,10.03824788
12/27/2020,12,2020,52,South,270.023,1011305.64,1521412.61,1.504404356,0.557139338,-0.584939911,13.82675277
12/27/2020,12,2020,52,South,270.938,137437.89,222600.47,1.619644117,0.59779142,-0.514513382,11.83092738
12/27/2020,12,2020,52,West,270.023,344506.86,539764.75,1.566775042,0.580237625,-0.544317561,12.74986928
12/27/2020,12,2020,52,West,270.938,66960.78,112488.39,1.679914571,0.620036529,-0.477976885,11.11186235
1/3/2021,1,2021,1,North,270.938,988519.171,1630084.33,1.649016405,0.608632383,-0.496540834,13.80396332
1/3/2021,1,2021,1,South,270.938,1294380.787,1910604.28,1.476075896,0.544802093,-0.607332681,14.07354298
1/3/2021,1,2021,1,West,270.938,453573.86,718152.02,1.583318801,0.584384177,-0.537196676,13.0249134
1/10/2021,1,2021,2,North,270.938,1104688.566,1785883.21,1.616639535,0.596682464,-0.516370193,13.91507401
1/10/2021,1,2021,2,South,270.938,1354496.91,1977820.58,1.460188329,0.538938181,-0.618154406,14.11894066
1/10/2021,1,2021,2,West,270.938,493124.322,752087.7,1.525148257,0.562914119,-0.574628204,13.1085166
1/17/2021,1,2021,3,North,270.938,1128033.92,1884791.13,1.670863878,0.616696026,-0.483379042,13.93598678
1/17/2021,1,2021,3,South,270.938,1420552.25,2158483.45,1.519467834,0.560817543,-0.578359662,14.16655626
1/17/2021,1,2021,3,West,270.938,523250.846,801213.5,1.53122256,0.565156073,-0.570653351,13.16781626
1/24/2021,1,2021,4,North,270.938,1121436.77,2002862.11,1.785978633,0.659183516,-0.416753307,13.93012125
1/24/2021,1,2021,4,South,270.938,1360371.2,2239720.79,1.646404151,0.607668231,-0.498126219,14.12326816
1/24/2021,1,2021,4,West,270.938,506922.98,848657.73,1.674135448,0.617903523,-0.481422945,13.13611436
1/31/2021,1,2021,5,North,271.363,994797.705,1903738.47,1.913694071,0.705215549,-0.349251779,13.81029468
1/31/2021,1,2021,5,South,271.363,1341642.502,2322435.13,1.731038728,0.637905215,-0.449565573,14.10940517
1/31/2021,1,2021,5,West,271.363,480865.1,888171.91,1.84702926,0.680648895,-0.384708679,13.08334205
2/7/2021,2,2021,6,North,271.363,989132.41,1962566.02,1.984128717,0.731171426,-0.313107337,13.80458348
2/7/2021,2,2021,6,South,271.363,1356532.04,2357970.75,1.738234469,0.640556918,-0.445417297,14.12044203
2/7/2021,2,2021,6,West,271.363,467496.721,896712.19,1.918114395,0.706844483,-0.346944605,13.05514761
2/14/2021,2,2021,7,North,271.363,1037158.89,2027712.16,1.955064146,0.720460839,-0.327864218,13.8519957
2/14/2021,2,2021,7,South,271.363,1055941.56,1905194.48,1.804261289,0.664888466,-0.408135972,13.8699434
2/14/2021,2,2021,7,West,271.363,487501.422,935348.41,1.918657809,0.707044737,-0.346661338,13.09704849
2/21/2021,2,2021,8,North,271.363,1056726.035,2093354.02,1.980980832,0.730011399,-0.31469513,13.87068604
2/21/2021,2,2021,8,South,271.363,1435870.805,2570916.82,1.790493136,0.659814763,-0.415796145,14.17728206
2/21/2021,2,2021,8,West,271.363,520266.77,1012918.66,1.946921692,0.717460262,-0.332037716,13.16209698
2/28/2021,2,2021,9,North,271.812,1139971.285,2314549.17,2.030357431,0.746971227,-0.291728613,13.94651363
2/28/2021,2,2021,9,South,271.812,1496961.08,2718254.72,1.815848626,0.668053149,-0.403387544,14.21894766
2/28/2021,2,2021,9,West,271.812,542074.98,1080836.94,1.993888262,0.733554171,-0.309853832,13.20315961
3/7/2021,3,2021,10,North,271.812,1160378.604,2363744.9,2.037046264,0.749432057,-0.288439616,13.96425689
3/7/2021,3,2021,10,South,271.812,1547026.55,2811270.56,1.817208994,0.66855363,-0.402638661,14.25184529
3/7/2021,3,2021,10,West,271.812,542997.67,1094410.78,2.015498114,0.741504464,-0.299074097,13.20486031
3/14/2021,3,2021,11,North,271.812,1186468.565,2404680.68,2.026754649,0.745645758,-0.293504646,13.98649186
3/14/2021,3,2021,11,South,271.812,1619384.76,2977064.18,1.838392119,0.676346931,-0.391049124,14.29755686
3/14/2021,3,2021,11,West,271.812,554750.6,1105876.13,1.993465406,0.733398601,-0.310065931,13.22627392
3/21/2021,3,2021,12,North,271.812,1243448.315,2546445.37,2.04789,0.753421483,-0.28313047,14.03339898
3/21/2021,3,2021,12,South,271.812,1716393.11,3127798.03,1.822308661,0.670429805,-0.399836273,14.35573562
3/21/2021,3,2021,12,West,271.812,587851.852,1189517.39,2.023498584,0.744447848,-0.295112479,13.28423024
3/28/2021,3,2021,13,North,271.812,769172.13,1577690.66,2.05115422,0.754622393,-0.281537796,13.55307006
3/28/2021,3,2021,13,North,273.09,535588.875,1135325.91,2.11977127,0.776217097,-0.253323034,13.19112212
3/28/2021,3,2021,13,South,271.812,991390.42,1802768.94,1.818424814,0.669000932,-0.401969825,13.8068637
3/28/2021,3,2021,13,South,273.09,744042.01,1418641.02,1.906667904,0.698182982,-0.359274059,13.51985278
3/28/2021,3,2021,13,West,271.812,360968.912,716217.03,1.98415156,0.729972025,-0.314749068,12.79654712
3/28/2021,3,2021,13,West,273.09,281380.13,587290.16,2.087177087,0.76428177,-0.268818748,12.54746181
4/4/2021,4,2021,14,North,273.09,1269777.44,2688577.43,2.117361157,0.775334563,-0.254460649,14.0543522
4/4/2021,4,2021,14,South,273.09,1746022.05,3331695.95,1.908163731,0.698730723,-0.358489843,14.37285064
4/4/2021,4,2021,14,West,273.09,612057.68,1261022.72,2.060300461,0.754440097,-0.281779398,13.32458181
4/11/2021,4,2021,15,North,273.09,1374831.049,2990516.53,2.175188386,0.796509717,-0.22751595,14.13384141
4/11/2021,4,2021,15,South,273.09,1822293.832,3580662.73,1.964920622,0.719513941,-0.329179377,14.41560661
4/11/2021,4,2021,15,West,273.09,655540.188,1392005.38,2.123447815,0.777563373,-0.25159013,13.39321489
4/18/2021,4,2021,16,North,273.09,1459853.818,3263093.21,2.23521915,0.818491761,-0.200291948,14.19384686
4/18/2021,4,2021,16,South,273.09,1875994.777,3797212.51,2.02410612,0.741186466,-0.299503044,14.44464962
4/18/2021,4,2021,16,West,273.09,674439.19,1457589.95,2.161188098,0.791383096,-0.23397311,13.42163679
4/25/2021,4,2021,17,North,273.09,1433043.923,3381860.77,2.359914247,0.864152568,-0.146005943,14.17531136
4/25/2021,4,2021,17,North,274.212,37844.2,92197.8,2.436246505,0.888453644,-0.118272806,10.54123301
4/25/2021,4,2021,17,South,273.09,1857054.91,3889640.91,2.094521217,0.766971041,-0.265306234,14.43450241
4/25/2021,4,2021,17,South,274.212,60177.44,142867.8,2.374108968,0.865793243,-0.144109148,11.00505281
4/25/2021,4,2021,17,West,273.09,615951.81,1408389.62,2.286525662,0.837279161,-0.177597738,13.33092401
4/25/2021,4,2021,17,West,274.212,44049.18,99130.95,2.250460735,0.82070104,-0.197596377,10.69306202
5/2/2021,5,2021,18,North,274.212,1562387.886,3894611.57,2.492730266,0.909052217,-0.095352742,14.26172591
5/2/2021,5,2021,18,South,274.212,1937550.214,4359562.3,2.250038357,0.820547006,-0.19778408,14.47693496
5/2/2021,5,2021,18,West,274.212,701998.84,1668555.33,2.376863372,0.866797723,-0.142949636,13.46168703
5/9/2021,5,2021,19,North,274.212,1460709.019,3834386.7,2.625017474,0.957294894,-0.043643791,14.19443251
5/9/2021,5,2021,19,South,274.212,1767264.184,4218055.36,2.386771258,0.870410944,-0.138789829,14.38494325
5/9/2021,5,2021,19,West,274.212,674033.079,1674740.96,2.484656929,0.906108022,-0.098596751,13.42103447
5/16/2021,5,2021,20,North,274.212,1472456.392,4029558.1,2.736623048,0.997995364,-0.002006648,14.20244258
5/16/2021,5,2021,20,South,274.212,1665865.963,4217598.15,2.531775211,0.92329118,-0.079810623,14.32585564
5/16/2021,5,2021,20,West,274.212,663904.068,1724798.03,2.597962738,0.947428536,-0.054003768,13.40589294
5/23/2021,5,2021,21,North,274.212,1398352.15,4012695.09,2.869588387,1.046485342,0.045437256,14.15080507
5/23/2021,5,2021,21,South,274.212,1649346.108,4286968.92,2.599193037,0.947877204,-0.053530317,14.31588947
5/23/2021,5,2021,21,West,274.212,646378.16,1770454.05,2.739037547,0.998875887,-0.001124745,13.37914
5/30/2021,5,2021,22,North,274.212,197077.725,569298.39,2.888699826,1.053454928,0.05207517,12.19135347
5/30/2021,5,2021,22,North,276.206,1096006.682,3235857.18,2.952406434,1.068914663,0.0666438,13.90718384
5/30/2021,5,2021,22,South,274.212,304010.31,785914.27,2.585156635,0.942758389,-0.058945244,12.62481689
5/30/2021,5,2021,22,South,276.206,1195258.71,3190033.61,2.668906391,0.966273865,-0.034307981,13.99387321
5/30/2021,5,2021,22,West,274.212,100082.706,278717.88,2.784875541,1.015592148,0.015471839,11.51375218
5/30/2021,5,2021,22,West,276.206,486493.59,1378634.57,2.833818571,1.025980091,0.025648342,13.094979
6/6/2021,6,2021,23,North,276.206,1351340.178,3996136.93,2.957165779,1.070637777,0.068254524,14.11660738
6/6/2021,6,2021,23,South,276.206,1474036.69,3913700.36,2.655090193,0.961271729,-0.039498153,14.20351524
6/6/2021,6,2021,23,West,276.206,577649.228,1658422,2.870984535,1.039435977,0.038678236,13.26672209
6/13/2021,6,2021,24,North,276.206,1387173.319,4003053.2,2.885762828,1.044786438,0.043812499,14.14277865
6/13/2021,6,2021,24,South,276.206,1481738.31,3927249.61,2.650434009,0.959585965,-0.041253374,14.20872649
6/13/2021,6,2021,24,West,276.206,578653.695,1652776.65,2.856244874,1.034099503,0.033531003,13.26845947
6/20/2021,6,2021,25,North,276.206,1378295.972,3914300.58,2.839956482,1.028202314,0.027811951,14.13635849
6/20/2021,6,2021,25,South,276.206,1431475.21,3764314.85,2.629675194,0.952070264,-0.04911644,14.17421609
6/20/2021,6,2021,25,West,276.206,570155.556,1607827.19,2.819979869,1.020969808,0.020752968,13.25366451
6/27/2021,6,2021,26,North,276.206,776975.794,2065268.51,2.658086038,0.962356371,-0.038370449,13.56316448
6/27/2021,6,2021,26,North,278.127,588502.29,1646601.74,2.797952987,1.005998334,0.005980416,13.2853361
6/27/2021,6,2021,26,South,276.206,808282.97,2004355.28,2.479769282,0.897797036,-0.107811254,13.60266749
6/27/2021,6,2021,26,South,278.127,591138.39,1534221.2,2.59536722,0.933159032,-0.069179641,13.28980543
6/27/2021,6,2021,26,West,276.206,308218.356,843529.62,2.736792289,0.99085186,-0.009190241,12.63856376
6/27/2021,6,2021,26,West,278.127,252923.499,717173.62,2.835535736,1.019511136,0.019323234,12.44084235
7/4/2021,7,2021,27,North,278.127,1233138.098,3344844.87,2.712465761,0.975261575,-0.025049562,14.02507278
7/4/2021,7,2021,27,South,278.127,1340894.09,3287930.41,2.45204333,0.881627217,-0.125985969,14.10884718
7/4/2021,7,2021,27,West,278.127,519395.289,1423984.55,2.741620073,0.985743949,-0.014358645,13.16042051
7/11/2021,7,2021,28,North,278.127,1380837.229,3712375.69,2.688496234,0.96664338,-0.033925641,14.13820056
7/11/2021,7,2021,28,South,278.127,1523464.85,3680404.37,2.415811806,0.868600246,-0.140872276,14.23649781
7/11/2021,7,2021,28,West,278.127,571057.543,1534640.59,2.687365939,0.966236985,-0.034346149,13.25524526
7/18/2021,7,2021,29,North,278.127,1409914.392,3785575.45,2.684968301,0.965374919,-0.035238736,14.15903955
7/18/2021,7,2021,29,South,278.127,1553121.67,3733919.22,2.404138254,0.864403044,-0.145716133,14.25577744
7/18/2021,7,2021,29,West,278.127,580970.556,1576238.17,2.713111971,0.975493918,-0.024811353,13.27245536
7/25/2021,7,2021,30,North,278.127,1405763.765,3768903.44,2.681036127,0.963961114,-0.036704324,14.15609132
7/25/2021,7,2021,30,South,278.127,1578040.58,3740427.53,2.370298697,0.8522361,-0.159891678,14.2716945
7/25/2021,7,2021,30,West,278.127,568394.33,1525719.62,2.684262561,0.965121172,-0.035501619,13.2505707
8/1/2021,8,2021,31,North,279.135,1401444.23,3726702.18,2.65918693,0.952652634,-0.048504939,14.15301386
8/1/2021,8,2021,31,South,279.135,1591823.81,3754051.57,2.358333596,0.84487205,-0.168570084,14.28039097
8/1/2021,8,2021,31,West,279.135,511202.573,1393469.96,2.725866483,0.976540557,-0.023738997,13.14452122
8/8/2021,8,2021,32,North,279.135,1379075.15,3641900.17,2.640827927,0.946075529,-0.055432873,14.13692365
8/8/2021,8,2021,32,South,279.135,1584068.56,3738638.3,2.360149298,0.845522524,-0.167800471,14.27550713
8/8/2021,8,2021,32,West,279.135,497977.866,1356352.36,2.723720174,0.975771643,-0.024526693,13.11831091
8/15/2021,8,2021,33,North,279.135,1411875.19,3770328.09,2.670440076,0.956684069,-0.044282068,14.1604293
8/15/2021,8,2021,33,South,279.135,1630235.36,3822106.5,2.344512083,0.839920498,-0.174448036,14.30423495
8/15/2021,8,2021,33,West,279.135,495586.818,1332980.7,2.689701686,0.963584533,-0.03709506,13.11349783
8/22/2021,8,2021,34,North,279.135,1371282.75,3773127.43,2.751531316,0.985734973,-0.014367751,14.13125717
8/22/2021,8,2021,34,South,279.135,1585619.14,3822097.11,2.410476144,0.863552096,-0.146701052,14.27648551
8/22/2021,8,2021,34,West,279.135,506321.65,1378760.64,2.723092406,0.975546745,-0.024757201,13.13492742
8/29/2021,8,2021,35,North,279.135,567444.703,1533355.18,2.702210756,0.968065902,-0.032455113,13.24889858
8/29/2021,8,2021,35,North,281.506,751179.405,2113333.8,2.813354288,0.999394076,-0.000606108,13.52939979
8/29/2021,8,2021,35,South,279.135,632244.31,1527697.8,2.41630929,0.865641819,-0.14428406,13.35703116
8/29/2021,8,2021,35,South,281.506,875442.08,2178895.27,2.488908541,0.884140495,-0.123139298,13.68248427
8/29/2021,8,2021,35,West,279.135,201646.79,553254.2,2.743679679,0.982922127,-0.017225382,12.21427288
8/29/2021,8,2021,35,West,281.506,317172.405,885104.9,2.790611308,0.991315037,-0.008722897,12.66720077
9/5/2021,9,2021,36,North,281.506,1243856.61,3528544.19,2.836777295,1.007714683,0.007685077,14.03372728
9/5/2021,9,2021,36,South,281.506,1486716.42,3780693.83,2.542982494,0.903349305,-0.101645973,14.2120805
9/5/2021,9,2021,36,West,281.506,511270.429,1451852.88,2.839696563,1.008751701,0.008713627,13.14465394
9/12/2021,9,2021,37,North,281.506,1334572.085,3773018.36,2.827137179,1.004290203,0.004281026,14.10412126
9/12/2021,9,2021,37,South,281.506,1527832.592,3905095.18,2.555970596,0.907963097,-0.096551543,14.23936068
9/12/2021,9,2021,37,West,281.506,509880.65,1463415.04,2.870112918,1.01955657,0.019367797,13.14193196
9/19/2021,9,2021,38,North,281.506,1307273.58,3759580.4,2.875894119,1.021610239,0.021380048,14.08345429
9/19/2021,9,2021,38,South,281.506,1547048.74,3965531.1,2.56328776,0.91056239,-0.09369286,14.25185964
9/19/2021,9,2021,38,West,281.506,517675.144,1497655.09,2.89304037,1.027701139,0.027324404,13.15710319
9/26/2021,9,2021,39,North,281.506,1006227.595,2865290.09,2.84755666,1.011543861,0.011477739,13.82171884
9/26/2021,9,2021,39,North,284.205,279261.37,821679.8,2.942332482,1.035285263,0.034677005,12.53990343
9/26/2021,9,2021,39,South,281.506,1171559.63,2976464.88,2.540600413,0.902503113,-0.10258314,13.97384644
9/26/2021,9,2021,39,South,284.205,383845.31,1004409.07,2.616702729,0.920709603,-0.082610598,12.85799491
9/26/2021,9,2021,39,West,281.506,380565.581,1065442.36,2.799628798,0.99451834,-0.00549674,12.8494138
9/26/2021,9,2021,39,West,284.205,132484.169,392357.56,2.961542975,1.042044642,0.041184785,11.79421844
10/3/2021,10,2021,40,North,284.205,1300009.385,3708187.13,2.852431046,1.003652661,0.003646007,14.07788204
10/3/2021,10,2021,40,South,284.205,1513759.1,3899746.44,2.576200163,0.906458424,-0.098210115,14.23010659
10/3/2021,10,2021,40,West,284.205,523555.005,1454612.67,2.778337818,0.977582315,-0.022672781,13.16839738
10/10/2021,10,2021,41,North,284.205,1273734.386,3576503.84,2.807888269,0.987979898,-0.012092928,14.05746361
10/10/2021,10,2021,41,South,284.205,1534580.07,3847137.56,2.506964371,0.882097208,-0.125453015,14.24376733
10/10/2021,10,2021,41,West,284.205,491850.991,1335198.23,2.714639707,0.955169581,-0.045866383,13.10593109
10/17/2021,10,2021,42,North,284.205,1276068.265,3487554.08,2.733046637,0.961646219,-0.039108652,14.05929424
10/17/2021,10,2021,42,South,284.205,1559255.54,3744266.06,2.401316503,0.844924087,-0.168508493,14.25971905
10/17/2021,10,2021,42,West,284.205,513408.812,1361439.64,2.651765237,0.933046652,-0.069300077,13.14882771
10/24/2021,10,2021,43,North,284.205,1206547.389,3247299.8,2.691398473,0.94699195,-0.054464686,14.00327344
10/24/2021,10,2021,43,South,284.205,1557980.34,3660598.97,2.349579694,0.826720041,-0.190289164,14.25890089
10/24/2021,10,2021,43,West,284.205,491363.04,1287013.95,2.619273012,0.92161398,-0.08162882,13.10493852
10/31/2021,10,2021,44,North,285.507,1185427.495,3155272.96,2.661717375,0.932277448,-0.070124817,13.98561402
10/31/2021,10,2021,44,South,285.507,1528504.24,3547092.11,2.320629552,0.812810037,-0.207257854,14.23980019
10/31/2021,10,2021,44,West,285.507,507253.38,1297944.66,2.55876986,0.896219658,-0.109569742,13.13676592
11/7/2021,11,2021,45,North,285.507,1214714.365,3203684.26,2.637397196,0.923759206,-0.079303841,14.01001952
11/7/2021,11,2021,45,South,285.507,1541806.61,3582905.03,2.323835562,0.813932955,-0.205877281,14.24846541
11/7/2021,11,2021,45,West,285.507,520350.518,1339032.5,2.573327889,0.901318668,-0.103896402,13.16225794
11/14/2021,11,2021,46,North,285.507,1216860.2,3186703.5,2.618791789,0.917242586,-0.086383299,14.01178449
11/14/2021,11,2021,46,South,285.507,1601424.746,3668813.98,2.290968707,0.802421204,-0.220121617,14.28640426
11/14/2021,11,2021,46,West,285.507,542415.681,1362822.03,2.512504851,0.880015149,-0.127816157,13.20378793
11/21/2021,11,2021,47,North,285.507,1039289.993,2713655.69,2.61106689,0.914536908,-0.089337453,13.85404834
11/21/2021,11,2021,47,South,285.507,1364427.6,3140981.6,2.302050765,0.80630274,-0.215295999,14.12624556
11/21/2021,11,2021,47,West,285.507,459574.42,1153793.45,2.510569344,0.879337229,-0.128586804,13.03805617
11/28/2021,11,2021,48,North,285.507,489206.37,1307031.61,2.671738739,0.935787472,-0.066366888,13.1005397
11/28/2021,11,2021,48,North,286.966,679524.74,1850693.2,2.723511141,0.949071019,-0.052271647,13.42914892
11/28/2021,11,2021,48,South,285.507,676782.63,1576920.62,2.330025255,0.81610092,-0.203217255,13.42510542
11/28/2021,11,2021,48,South,286.966,881196.66,2113839.99,2.398828872,0.835927905,-0.179212908,13.6890361
11/28/2021,11,2021,48,West,285.507,205605.01,529828.88,2.576925922,0.902578894,-0.102499176,12.23371218
11/28/2021,11,2021,48,West,286.966,323760.66,844034.74,2.606971273,0.908459982,-0.09600444,12.68775982
12/5/2021,12,2021,49,North,286.966,1225208.835,3336414.8,2.723139684,0.948941576,-0.052408046,14.01862186
12/5/2021,12,2021,49,South,286.966,1608417.328,3890877.44,2.419072073,0.842982121,-0.17080953,14.29076123
12/5/2021,12,2021,49,West,286.966,558147.89,1459190.6,2.614344023,0.911029189,-0.093180342,13.23237924
12/12/2021,12,2021,50,North,286.966,1280100.675,3498900.12,2.733300738,0.952482433,-0.048683615,14.06244929
12/12/2021,12,2021,50,South,286.966,1683596.62,4105998.5,2.438825578,0.849865691,-0.162676953,14.33644291
12/12/2021,12,2021,50,West,286.966,567079.163,1522749.91,2.685251036,0.935738393,-0.066419337,13.24825419
12/19/2021,12,2021,51,North,286.966,1081570.495,2971545.54,2.747435839,0.957408138,-0.043525501,13.8939247
12/19/2021,12,2021,51,South,286.966,1417346.2,3419929.9,2.412910762,0.840835068,-0.173359752,14.16429681
12/19/2021,12,2021,51,West,286.966,512596.391,1353465.37,2.64041143,0.920112986,-0.083258806,13.14724405
12/26/2021,12,2021,52,North,286.966,1089738.375,3016336.87,2.767945903,0.964555349,-0.036088062,13.9014482
12/26/2021,12,2021,52,North,289.772,9976,30140.99,3.021350241,1.042664661,0.04177961,9.207937487
12/26/2021,12,2021,52,South,286.966,1476353.75,3653572.81,2.474727219,0.862376455,-0.14806338,14.20508592
12/26/2021,12,2021,52,South,289.772,35739.06,102443.55,2.866431014,0.989202205,-0.010856514,10.48399949
12/26/2021,12,2021,52,West,286.966,473329.27,1295441.06,2.736870805,0.953726506,-0.04737833,13.06754656
12/26/2021,12,2021,52,West,289.772,30979.73,85723.44,2.767081572,0.954916822,-0.04613104,10.3410884
1/2/2022,1,2022,1,North,289.772,1064562.49,2956644.62,2.777333081,0.958454606,-0.042433077,13.87807447
1/2/2022,1,2022,1,South,289.772,1539475.86,3847114.72,2.49897697,0.862394217,-0.148042785,14.24695257
1/2/2022,1,2022,1,West,289.772,502112.543,1387232.71,2.762792385,0.953436628,-0.047682319,13.12657956
1/9/2022,1,2022,2,North,289.772,1118310.31,3107700.14,2.778924698,0.959003871,-0.041860167,13.92732945
1/9/2022,1,2022,2,South,289.772,1503481.45,3817286.36,2.538964721,0.876193946,-0.132167813,14.22329394
1/9/2022,1,2022,2,West,289.772,538380.301,1483726.15,2.755907204,0.951060559,-0.050177539,13.19632047
1/16/2022,1,2022,3,North,289.772,1165375.41,3350742.52,2.875247316,0.992244701,-0.007785527,13.96855383
1/16/2022,1,2022,3,South,289.772,1433014.19,3772052.66,2.632250739,0.908386848,-0.096084947,14.17529061
1/16/2022,1,2022,3,West,289.772,544147.641,1567049.76,2.879824595,0.993824315,-0.006194833,13.20697589
1/23/2022,1,2022,4,North,289.772,1124487.615,3368625.66,2.995698321,1.033812211,0.033253146,13.93283804
1/23/2022,1,2022,4,South,289.772,1518188.716,4068304.74,2.67970951,0.924764818,-0.078215824,14.23302855
1/23/2022,1,2022,4,West,289.772,521321.03,1537880.58,2.949968429,1.018030876,0.017870247,13.16412131
1/30/2022,1,2022,5,North,289.772,201091.83,602808.56,2.997678026,1.034495405,0.033913777,12.21151695
1/30/2022,1,2022,5,North,292.794,861682.02,2685353.62,3.116409021,1.064369154,0.06238228,13.6666416
1/30/2022,1,2022,5,South,289.772,340067.6,932181.24,2.741164521,0.945972876,-0.055541383,12.7368997
1/30/2022,1,2022,5,South,292.794,1180982.38,3285548.82,2.782047282,0.950172231,-0.051112015,13.98185718
1/30/2022,1,2022,5,West,289.772,87389.83,268042.78,3.067207935,1.058490101,0.056843459,11.37813419
1/30/2022,1,2022,5,West,292.794,445449.809,1359753.59,3.052540516,1.042555693,0.041675096,13.00683986
2/6/2022,2,2022,6,North,292.794,1188982.64,3819571.26,3.212470167,1.097177595,0.09274106,13.98860858
2/6/2022,2,2022,6,South,292.794,1636252.21,4764616.13,2.91190814,0.994524526,-0.005490519,14.30791895
2/6/2022,2,2022,6,West,292.794,572991.04,1819076.65,3.174703482,1.084278873,0.080915132,13.25862536
2/13/2022,2,2022,7,North,292.794,1170536.916,3856502.64,3.294644182,1.125243066,0.117999071,13.9729731
2/13/2022,2,2022,7,South,292.794,1572775.36,4705905.82,2.992102966,1.02191403,0.021677369,14.26835236
2/13/2022,2,2022,7,West,292.794,534837.068,1745447.1,3.263511833,1.114610215,0.108504761,13.18971743
2/20/2022,2,2022,8,North,292.794,1190347.48,4050046.32,3.402406766,1.162047981,0.15018395,13.98975582
2/20/2022,2,2022,8,South,292.794,1663515.33,5127047.32,3.08205595,1.052636307,0.051297786,14.32444359
2/20/2022,2,2022,8,West,292.794,565313.316,1884656.84,3.333827077,1.138625476,0.129821812,13.2451354
2/27/2022,2,2022,9,North,292.794,238086.88,791671.54,3.325137194,1.135657559,0.12721183,12.38039093
2/27/2022,2,2022,9,North,295.728,971041.405,3312784.39,3.411578922,1.15362053,0.142905284,13.78612439
2/27/2022,2,2022,9,South,292.794,389015.98,1182060.95,3.038592271,1.03779185,0.037095235,12.8713757
2/27/2022,2,2022,9,South,295.728,1316960.33,4082210.07,3.099721364,1.048166343,0.047042298,14.09083686
2/27/2022,2,2022,9,West,292.794,93515.13,306035.69,3.272579421,1.117707132,0.111279384,11.44587852
2/27/2022,2,2022,9,West,295.728,470594.66,1566768.35,3.32933729,1.12581064,0.118503345,13.06175241
3/6/2022,3,2022,10,North,295.728,1201282.723,4127700.22,3.436077237,1.161904601,0.150060556,13.99890048
3/6/2022,3,2022,10,South,295.728,1690661.67,5270532.32,3.117437636,1.054157075,0.052741467,14.34063053
3/6/2022,3,2022,10,West,295.728,563998.694,1887190.67,3.346090496,1.131475713,0.123522721,13.24280721
3/13/2022,3,2022,11,North,295.728,1170297.16,4033986.24,3.446976014,1.165590006,0.153227402,13.97276826
3/13/2022,3,2022,11,South,295.728,1662957.07,5216479.53,3.136869631,1.060727977,0.058955443,14.32410794
3/13/2022,3,2022,11,West,295.728,570329.785,1935125.38,3.392993722,1.147335972,0.137442709,13.25397004
3/20/2022,3,2022,12,North,295.728,1168906.265,4095865.81,3.504015619,1.184877867,0.169639704,13.97157905
3/20/2022,3,2022,12,South,295.728,1639484.75,5249532.44,3.20194039,1.082731561,0.079487071,14.30989257
3/20/2022,3,2022,12,West,295.728,561774.843,1921246.18,3.419957664,1.15645379,0.145358245,13.23885641
3/27/2022,3,2022,13,North,295.728,901549.353,3133977.29,3.476212677,1.175476342,0.161673463,13.71187007
3/27/2022,3,2022,13,North,298.711,290734.69,1027488.24,3.534109535,1.183119984,0.168155003,12.58016641
3/27/2022,3,2022,13,South,295.728,1202225.106,3845976.59,3.19904864,1.08175372,0.078583539,13.99968465
3/27/2022,3,2022,13,South,298.711,409403.574,1327027.93,3.241368699,1.085118626,0.081689314,12.92245668
3/27/2022,3,2022,13,West,295.728,421467.88,1421422.49,3.372552352,1.140423752,0.131399905,12.95149885
3/27/2022,3,2022,13,West,298.711,159029.532,557299.32,3.504376282,1.173166131,0.159706189,11.9768452
4/3/2022,4,2022,14,North,298.711,1156171.625,4111052.36,3.555745766,1.190363182,0.174258456,13.96062478
4/3/2022,4,2022,14,South,298.711,1633926.3,5251889.12,3.214275405,1.076048557,0.073295588,14.30649645
4/3/2022,4,2022,14,West,298.711,587951.23,2009448.67,3.417713183,1.144153775,0.134665303,13.28439928
4/10/2022,4,2022,15,North,298.711,1156556.722,4234042.64,3.660903577,1.225567045,0.203403631,13.96095781
4/10/2022,4,2022,15,South,298.711,1575341.25,5269280.39,3.344850133,1.119761285,0.113115525,14.26998247
4/10/2022,4,2022,15,West,298.711,556336.642,1974035.06,3.548274392,1.187861978,0.172155034,13.22912886
4/17/2022,4,2022,16,North,298.711,1104722.615,4104458.78,3.715374995,1.243802537,0.218173249,13.91510483
4/17/2022,4,2022,16,South,298.711,1507268.38,5189383.86,3.442906339,1.152587732,0.142009616,14.22580955
4/17/2022,4,2022,16,West,298.711,560041.843,2021710.23,3.609927107,1.208501564,0.189381215,13.23576678
4/24/2022,4,2022,17,North,298.711,1218750.876,4699662.74,3.856130759,1.290923588,0.255357922,14.01333702
4/24/2022,4,2022,17,South,298.711,1570157.39,5535780.61,3.525621473,1.180278421,0.16575036,14.26668642
4/24/2022,4,2022,17,West,298.711,558432.198,2080265.97,3.725189875,1.247088281,0.220811459,13.23288849
5/1/2022,5,2022,18,North,302.038,1322139.121,5310635.08,4.016699147,1.329865496,0.285077806,14.09476153
5/1/2022,5,2022,18,South,302.038,1704112.986,6183272.08,3.62844021,1.201319109,0.18342021,14.34855529
5/1/2022,5,2022,18,West,302.038,619185.889,2342650.63,3.783436722,1.252636,0.225250131,13.33616081
5/8/2022,5,2022,19,North,302.038,1181573.397,4975656.65,4.211043226,1.394209744,0.332327763,13.9823575
5/8/2022,5,2022,19,South,302.038,1482346.34,5677500.49,3.83007691,1.268077828,0.237502233,14.20913676
5/8/2022,5,2022,19,West,302.038,558069.263,2224438.58,3.985954303,1.319686365,0.277394106,13.23223836
5/15/2022,5,2022,20,North,302.038,1209006.66,5228016.67,4.324224872,1.431682395,0.358850253,14.00530964
5/15/2022,5,2022,20,South,302.038,1518427.29,5942257.15,3.913428841,1.295674333,0.25903128,14.23318568
5/15/2022,5,2022,20,West,302.038,554190.098,2273251.59,4.101934694,1.358085636,0.306076088,13.22526304
5/22/2022,5,2022,21,North,302.038,1228132.285,5387248.95,4.38653801,1.452313289,0.373157657,14.02100511
5/22/2022,5,2022,21,South,302.038,1520981.467,5980351.68,3.931903057,1.301790853,0.263740896,14.23486639
5/22/2022,5,2022,21,West,302.038,556403.104,2301678.33,4.136710082,1.369599217,0.314518154,13.22924832
5/29/2022,5,2022,22,North,302.038,455666.365,1981115.3,4.34773214,1.439465279,0.364271711,13.02951617
5/29/2022,5,2022,22,North,305.041,695821.889,3103539.3,4.460249597,1.462180362,0.37992872,13.452849
5/29/2022,5,2022,22,South,302.038,574190.98,2256234.29,3.929414374,1.300966889,0.263107749,13.26071734
5/29/2022,5,2022,22,South,305.041,833078.49,3354651.19,4.026812876,1.320089062,0.277699206,13.63288314
5/29/2022,5,2022,22,West,302.038,198318.81,824534.79,4.157622719,1.37652306,0.319560798,12.19763117
5/29/2022,5,2022,22,West,305.041,325172.51,1363911.44,4.194424184,1.375036203,0.31848006,12.69211112
6/5/2022,6,2022,23,North,305.041,1207145.662,5302567.75,4.392649468,1.440019364,0.364656561,14.00376917
6/5/2022,6,2022,23,South,305.041,1403497.156,5605636.48,3.994049048,1.309348267,0.269529508,14.15447765
6/5/2022,6,2022,23,West,305.041,512637.869,2176568.17,4.245820103,1.391885059,0.330658986,13.14732497
6/12/2022,6,2022,24,North,305.041,1212675.004,5275091.28,4.349962902,1.42602565,0.354891309,14.00833922
6/12/2022,6,2022,24,South,305.041,1428285.635,5576497.43,3.904329284,1.279935905,0.246810002,14.17198543
6/12/2022,6,2022,24,West,305.041,510206.457,2119282.08,4.153773538,1.361709914,0.3087412,13.14257074
6/19/2022,6,2022,25,North,305.041,1244966.49,5135755.61,4.125215941,1.352348026,0.30184236,14.03461917
6/19/2022,6,2022,25,South,305.041,1473762.64,5413347.78,3.673147652,1.204148836,0.185772957,14.20332931
6/19/2022,6,2022,25,West,305.041,512032.565,1987368.92,3.881333055,1.272397171,0.240902658,13.14614351
6/26/2022,6,2022,26,North,305.041,947643.385,3696994.65,3.901250944,1.278926749,0.246021249,13.76173353
6/26/2022,6,2022,26,North,308.532,305063.885,1235821.09,4.051023903,1.312999593,0.272314285,12.62827649
6/26/2022,6,2022,26,South,305.041,1094223.678,3822370.32,3.493225742,1.145165975,0.135549583,13.9055557
6/26/2022,6,2022,26,South,308.532,382052.81,1377128.31,3.604549617,1.168290361,0.15554145,12.85331412
6/26/2022,6,2022,26,West,305.041,370553.52,1396621.76,3.769014959,1.235576516,0.211537675,12.82275317
6/26/2022,6,2022,26,West,308.532,138980.696,537817.59,3.869728714,1.254239014,0.226529025,11.84209032
7/3/2022,7,2022,27,North,308.532,1113925.26,4413132.11,3.961784752,1.284075802,0.250039239,13.92340061
7/3/2022,7,2022,27,South,308.532,1346497.26,4723148.02,3.507729396,1.136909428,0.128313553,14.11301716
7/3/2022,7,2022,27,West,308.532,456892.886,1727436.12,3.780833917,1.225426833,0.203289219,13.03220426
7/10/2022,7,2022,28,North,308.532,1253836.76,4947543.41,3.94592308,1.278934788,0.246027535,14.04171882
7/10/2022,7,2022,28,South,308.532,1492758.53,5199465.37,3.483125546,1.128934939,0.121274656,14.21613633
7/10/2022,7,2022,28,West,308.532,529146.951,1992775.36,3.76601501,1.220623796,0.199362036,13.17902146
7/17/2022,7,2022,29,North,308.532,1247696.105,4788227.82,3.8376555,1.243843588,0.218206254,14.03680929
7/17/2022,7,2022,29,South,308.532,1523984.631,5194499.72,3.408498757,1.104747241,0.099616567,14.23683893
7/17/2022,7,2022,29,West,308.532,510905.456,1883198.21,3.686001369,1.194690135,0.177886851,13.14393983
7/24/2022,7,2022,30,North,308.532,1277101.73,4741407.78,3.71263124,1.203321289,0.185085475,14.0601038
7/24/2022,7,2022,30,South,308.532,1562116.249,5102718.92,3.266542374,1.058736978,0.057076668,14.26155203
7/24/2022,7,2022,30,West,308.532,532702.776,1898432.89,3.563775102,1.155074709,0.144165025,13.1857189
7/31/2022,7,2022,31,North,310.875,1292302.535,4623954.6,3.578074386,1.150968842,0.140604059,14.0719361
7/31/2022,7,2022,31,South,310.875,1613071.31,5061321.31,3.137692226,1.009309924,0.009266854,14.29365057
7/31/2022,7,2022,31,West,310.875,548039.852,1864654.07,3.402405981,1.094461112,0.090262107,13.21410329
8/7/2022,8,2022,32,North,310.875,1283432.035,4427099.27,3.449422446,1.109585025,0.103986094,14.06504833
8/7/2022,8,2022,32,South,310.875,1667937.93,4921333.06,2.950549281,0.949111148,-0.052229366,14.32709865
8/7/2022,8,2022,32,West,310.875,539078.391,1764244.32,3.272704581,1.052739713,0.051396016,13.19761628
8/14/2022,8,2022,33,North,310.875,1329788.795,4425896.47,3.328270239,1.070613667,0.068232005,14.10053069
8/14/2022,8,2022,33,South,310.875,1677594.61,4723791.06,2.815812016,0.905769848,-0.098970036,14.33287155
8/14/2022,8,2022,33,West,310.875,552343.344,1740313.56,3.15078217,1.013520602,0.013430014,13.22192513
8/21/2022,8,2022,34,North,310.875,1316658.68,4332643.09,3.290634965,1.058507428,0.056859829,14.09060778
8/21/2022,8,2022,34,South,310.875,1665389.477,4628522.3,2.779243152,0.894006643,-0.112042073,14.32556957
8/21/2022,8,2022,34,West,310.875,563773.148,1732945.28,3.073834371,0.988768596,-0.011294953,13.24240723
8/28/2022,8,2022,35,North,310.875,736227.09,2354049.3,3.197449988,1.028532364,0.028132897,13.5092939
8/28/2022,8,2022,35,North,313.142,548257.695,1851295.71,3.376688967,1.078325158,0.075409058,13.2145007
8/28/2022,8,2022,35,South,310.875,935079.83,2553935.17,2.731248272,0.878568001,-0.129461969,13.74838718
8/28/2022,8,2022,35,South,313.142,711884.94,2011030.12,2.824937019,0.902126517,-0.103000506,13.47567158
8/28/2022,8,2022,35,West,310.875,311447.731,939277.56,3.015843323,0.970114459,-0.030341216,12.64898681
8/28/2022,8,2022,35,West,313.142,253259.486,789339.1,3.116720769,0.99530589,-0.004705162,12.44216988
9/4/2022,9,2022,36,North,313.142,1241591.6,3974532.79,3.201159536,1.022270898,0.022026523,14.03190466
9/4/2022,9,2022,36,South,313.142,1613341.922,4417878.61,2.738339933,0.874472263,-0.134134703,14.29381831
9/4/2022,9,2022,36,West,313.142,549401.907,1655227.86,3.012781425,0.96211349,-0.038622862,13.21658552
9/11/2022,9,2022,37,North,313.142,1264489.62,4021807.3,3.180577552,1.015698166,0.015576225,14.05017914
9/11/2022,9,2022,37,South,313.142,1636942.661,4397798.97,2.686593168,0.857947247,-0.153212665,14.30834083
9/11/2022,9,2022,37,West,313.142,521670.252,1574373.57,3.017947763,0.963763329,-0.036909524,13.16479097
9/18/2022,9,2022,38,North,313.142,1252219.811,3859385.67,3.082035307,0.984229298,-0.015896383,14.04042838
9/18/2022,9,2022,38,South,313.142,1636213.51,4285510.48,2.619163363,0.836413947,-0.178631636,14.30789529
9/18/2022,9,2022,38,West,313.142,556273.636,1631035.3,2.932073703,0.936339968,-0.065776655,13.2290156
9/25/2022,9,2022,39,North,313.142,1133026.885,3324380.43,2.93407021,0.93697754,-0.065095967,13.94040327
9/25/2022,9,2022,39,North,315.323,57737.03,178126.94,3.085142066,0.978406924,-0.021829618,10.96365401
9/25/2022,9,2022,39,South,313.142,1461341.597,3582447.73,2.451478653,0.782864851,-0.244795201,14.19486547
9/25/2022,9,2022,39,South,315.323,98464.87,259782.16,2.638323292,0.836704995,-0.178283725,11.49745511
9/25/2022,9,2022,39,West,313.142,479140.559,1317867.12,2.750481242,0.878349516,-0.129710682,13.07974928
9/25/2022,9,2022,39,West,315.323,46803.16,125204.04,2.675119372,0.848374325,-0.16443332,10.753706
10/2/2022,10,2022,40,North,315.323,1113357.677,2998829.98,2.693500967,0.854203774,-0.157585502,13.92289094
10/2/2022,10,2022,40,South,315.323,1605607,3699218.58,2.303937751,0.730659594,-0.3138076,14.28901244
10/2/2022,10,2022,40,West,315.323,512280.888,1323000.75,2.582569018,0.819023356,-0.199642677,13.14662836
10/9/2022,10,2022,41,North,315.323,1117942.958,2842359.94,2.542491028,0.806313218,-0.215283004,13.92700091
10/9/2022,10,2022,41,South,315.323,1667819.9,3574262.24,2.143074465,0.679644195,-0.38618586,14.32702788
10/9/2022,10,2022,41,West,315.323,516114.433,1254104.41,2.429896027,0.770605388,-0.260578855,13.15408379
10/16/2022,10,2022,42,North,315.323,1122820.591,2732725.76,2.433804458,0.771844889,-0.258971671,13.93135446
10/16/2022,10,2022,42,South,315.323,1595722.193,3264244.35,2.045621954,0.64873858,-0.432725447,14.28283698
10/16/2022,10,2022,42,West,315.323,528772.225,1200703.62,2.270738823,0.720131048,-0.328322073,13.17831304
10/23/2022,10,2022,43,North,315.323,1141926.941,2583720.67,2.262597174,0.717549045,-0.331913979,13.94822769
10/23/2022,10,2022,43,South,315.323,1569908.419,3041454.14,1.937344945,0.614400137,-0.487108874,14.26652784
10/23/2022,10,2022,43,West,315.323,511566.768,1105014.33,2.160058861,0.685030543,-0.378291853,13.14523339
10/30/2022,10,2022,44,North,315.323,222470.72,461361.04,2.073805668,0.657676626,-0.419041918,12.31255078
10/30/2022,10,2022,44,North,315.857,908374.637,1955841.7,2.153122314,0.681676301,-0.383200366,13.71941217
10/30/2022,10,2022,44,South,315.323,339932.89,596538.5,1.754871381,0.55653136,-0.586031757,12.73650349
10/30/2022,10,2022,44,South,315.857,1248153.285,2299601.15,1.842402834,0.583302835,-0.539048786,14.03717564
10/30/2022,10,2022,44,West,315.323,84209.826,173460.27,2.059857837,0.653253279,-0.425790355,11.34106689
10/30/2022,10,2022,44,West,315.857,421872.731,859140.12,2.036491237,0.644751023,-0.438891048,12.95245896
11/6/2022,11,2022,45,North,315.857,1150967.654,2418702.19,2.101451054,0.665317234,-0.407491309,13.95611358
11/6/2022,11,2022,45,South,315.857,1571935.292,2833581.93,1.802607235,0.570703589,-0.560885313,14.26781809
11/6/2022,11,2022,45,West,315.857,504524.782,1017707.96,2.017161488,0.638631244,-0.448428074,13.13137224
11/13/2022,11,2022,46,North,315.857,1093874.17,2254777.63,2.061276966,0.652598159,-0.426793717,13.90523624
11/13/2022,11,2022,46,South,315.857,1538008.08,2719553.25,1.768230795,0.559820044,-0.580139898,14.24599868
11/13/2022,11,2022,46,West,315.857,517070.47,1019479.67,1.971645509,0.624220932,-0.471250916,13.15593445
11/20/2022,11,2022,47,North,315.857,887828.475,1775498.93,1.999822015,0.633141585,-0.457061209,13.69653384
11/20/2022,11,2022,47,South,315.857,1246634.66,2145054.21,1.720675896,0.544764212,-0.607402217,14.03595821
11/20/2022,11,2022,47,West,315.857,424096.484,790869.82,1.864834654,0.590404726,-0.526947002,12.95771626
11/27/2022,11,2022,48,North,315.857,605155.805,1192628.43,1.970779129,0.623946637,-0.471690432,13.31324123
11/27/2022,11,2022,48,North,316.839,447714.72,939702.99,2.098887859,0.662446182,-0.411815959,13.01191152
11/27/2022,11,2022,48,South,315.857,834089.92,1433597.28,1.71875627,0.54415646,-0.608518463,13.63409649
11/27/2022,11,2022,48,South,316.839,657755.94,1171924.85,1.78170166,0.5623366,-0.575654676,13.39658923
11/27/2022,11,2022,48,West,315.857,269978.525,493130.94,1.826556168,0.578285796,-0.547687075,12.5060977
11/27/2022,11,2022,48,West,316.839,219109.658,444561.63,2.028945844,0.640371243,-0.445707203,12.2973276
12/4/2022,12,2022,49,North,316.839,1146792.915,2304102.8,2.009170766,0.634129879,-0.455501489,13.95247983
12/4/2022,12,2022,49,South,316.839,1539725.08,2719492.77,1.766219701,0.557450219,-0.584382072,14.24711444
12/4/2022,12,2022,49,West,316.839,491397.516,955149.73,1.94374147,0.613479234,-0.488608864,13.10500868
12/11/2022,12,2022,50,North,316.839,1169058.121,2281104.41,1.95123268,0.615843592,-0.484762256,13.97170896
12/11/2022,12,2022,50,South,316.839,1554392.71,2655274.9,1.708239419,0.539150616,-0.617760312,14.25659549
12/11/2022,12,2022,50,West,316.839,496084.807,956494.8,1.928087268,0.60853849,-0.496695114,13.11450217
12/18/2022,12,2022,51,North,316.839,999611.63,1948152.68,1.948909578,0.61511038,-0.485953547,13.81512211
12/18/2022,12,2022,51,South,316.839,1352170.44,2241876.2,1.657983442,0.523288939,-0.647621503,14.11722159
12/18/2022,12,2022,51,West,316.839,457545.438,864011.22,1.888361566,0.596000356,-0.517514015,13.03363148
12/25/2022,12,2022,52,North,316.839,940547.055,1861394.01,1.979054636,0.624624695,-0.470604298,13.75421696
12/25/2022,12,2022,52,South,316.839,1335559.94,2263961.73,1.695140489,0.535016361,-0.625457951,14.10486119
12/25/2022,12,2022,52,West,316.839,459556.305,878357.3,1.911315959,0.603245168,-0.505431584,13.03801675
1/1/2023,1,2023,1,North,319.136,1074049.825,2075757.95,1.932645862,0.605586917,-0.501557181,13.88694694
1/1/2023,1,2023,1,South,319.136,1508816.769,2468776.77,1.636233651,0.512707326,-0.668050112,14.2268363
1/1/2023,1,2023,1,West,319.136,505236.544,928694.21,1.838137445,0.575973079,-0.551694358,13.132782
1/8/2023,1,2023,2,North,319.136,1145412.666,2183971.06,1.906711114,0.597460366,-0.51506733,13.95127554
1/8/2023,1,2023,2,South,319.136,1528083,2542936.18,1.664134854,0.521450057,-0.651141777,14.23952457
1/8/2023,1,2023,2,West,319.136,537586.759,959538.07,1.784899003,0.559291024,-0.581085326,13.19484544
1/15/2023,1,2023,3,North,319.136,1159045.87,2230874.48,1.924750812,0.603113034,-0.505650647,13.9631077
1/15/2023,1,2023,3,South,319.136,1554455.21,2581895.8,1.660965066,0.520456816,-0.65304836,14.25663569
1/15/2023,1,2023,3,West,319.136,531194.265,958839.32,1.805063389,0.565609454,-0.569851449,13.18288308
1/22/2023,1,2023,4,North,319.136,1188745.255,2229535.73,1.875537017,0.587692087,-0.531552131,13.9884089
1/22/2023,1,2023,4,South,319.136,1586806.8,2612071.72,1.646118305,0.515804643,-0.662027184,14.27723425
1/22/2023,1,2023,4,West,319.136,548978.025,999213.7,1.820134239,0.570331846,-0.561536902,13.21581369
1/29/2023,1,2023,5,North,319.136,483624.49,921764.35,1.905950524,0.597222038,-0.515466312,13.08906404
1/29/2023,1,2023,5,North,320.569,731905.445,1427993.51,1.951062832,0.608624924,-0.49655309,13.50340661
1/29/2023,1,2023,5,South,319.136,668989.12,1120121.87,1.674349906,0.524650903,-0.645022184,13.41352308
1/29/2023,1,2023,5,South,320.569,956512.05,1593512.49,1.665961751,0.519688975,-0.654524771,13.77104867
1/29/2023,1,2023,5,West,319.136,219497.37,396026.67,1.804243349,0.565352498,-0.570305851,12.29909553
1/29/2023,1,2023,5,West,320.569,356891.762,676112.15,1.894445941,0.59096355,-0.526000939,12.78518783
2/5/2023,2,2023,6,North,320.569,1187397.425,2482197.31,2.09045199,0.65210672,-0.42754705,13.98727443
2/5/2023,2,2023,6,South,320.569,1621341.664,2969159.58,1.831297897,0.571264813,-0.559902407,14.29876455
2/5/2023,2,2023,6,West,320.569,545957.444,1133801.64,2.076721643,0.647823602,-0.434136839,13.21029631
2/12/2023,2,2023,7,North,320.569,1171890.285,2490996.46,2.125622588,0.663078023,-0.410862614,13.97412863
2/12/2023,2,2023,7,South,320.569,1563229.563,2977195.57,1.904515908,0.594104828,-0.520699496,14.26226447
2/12/2023,2,2023,7,West,320.569,521550.81,1098336.81,2.105905674,0.656927424,-0.420181732,13.16456198
2/19/2023,2,2023,8,North,320.569,1164634.63,2554059.71,2.193013709,0.684100368,-0.379650635,13.96791797
2/19/2023,2,2023,8,South,320.569,1618429.45,3117399.82,1.926188269,0.60086542,-0.509384296,14.29696676
2/19/2023,2,2023,8,West,320.569,544322.14,1164748.93,2.139815459,0.667505423,-0.404207764,13.20729652
2/26/2023,2,2023,9,North,320.569,465500.305,984571.92,2.115083297,0.659790341,-0.41583316,13.05086803
2/26/2023,2,2023,9,North,NA,682266.345,1512621.66,2.217054485,NA,NA,13.4331754
2/26/2023,2,2023,9,South,320.569,686842.14,1314373.48,1.913647115,0.596953266,-0.51591645,13.43985976
2/26/2023,2,2023,9,South,NA,956187.832,1862581.74,1.947924537,NA,NA,13.77070965
2/26/2023,2,2023,9,West,320.569,212607.088,446664.62,2.100892422,0.655363563,-0.422565139,12.26720108
2/26/2023,2,2023,9,West,NA,330880.45,707508.69,2.138260783,NA,NA,12.70951241
3/5/2023,3,2023,10,North,NA,1189317.015,2628800.05,2.210344271,NA,NA,13.98888976
3/5/2023,3,2023,10,South,NA,1657684.88,3201911.29,1.931556069,NA,NA,14.32093254
3/5/2023,3,2023,10,West,NA,545782.29,1168304.64,2.140605625,NA,NA,13.20997544
3/12/2023,3,2023,11,North,NA,1206510.05,2687587.11,2.227571258,NA,NA,14.00324249
3/12/2023,3,2023,11,South,NA,1707142.486,3388665.38,1.984992704,NA,NA,14.35033147
3/12/2023,3,2023,11,West,NA,574561.42,1251639.76,2.17842639,NA,NA,13.26136228
3/19/2023,3,2023,12,North,NA,1202932.322,2765372.62,2.298859686,NA,NA,14.00027274
3/19/2023,3,2023,12,South,NA,1617354.884,3244558.74,2.006089555,NA,NA,14.29630259
3/19/2023,3,2023,12,West,NA,577868.143,1259700.45,2.179909838,NA,NA,13.267101
3/26/2023,3,2023,13,North,NA,1197801.528,2780274.28,2.321147715,NA,NA,13.99599837
3/26/2023,3,2023,13,South,NA,1626415.957,3223437.97,1.981927167,NA,NA,14.30188935
3/26/2023,3,2023,13,West,NA,514265.625,1157802,2.251369611,NA,NA,13.15049519
4/2/2023,4,2023,14,North,NA,1198162.085,2747857.81,2.293394061,NA,NA,13.99629934
4/2/2023,4,2023,14,South,NA,1617529.69,3165311.24,1.956879839,NA,NA,14.29641066
4/2/2023,4,2023,14,West,NA,551353.459,1194310.97,2.166143969,NA,NA,13.22013137
4/9/2023,4,2023,15,North,NA,1216636.794,2765559.32,2.273118266,NA,NA,14.01160088
4/9/2023,4,2023,15,South,NA,1583631.838,3035381.25,1.916721537,NA,NA,14.2752314
4/9/2023,4,2023,15,West,NA,542935.73,1160308.07,2.137100224,NA,NA,13.20474623
4/16/2023,4,2023,16,North,NA,1270846.6,2906938.86,2.287403421,NA,NA,14.05519385
4/16/2023,4,2023,16,South,NA,1653941.753,3199506.07,1.934473245,NA,NA,14.31867194
4/16/2023,4,2023,16,West,NA,562889.225,1204654.5,2.140127127,NA,NA,13.24083813
4/23/2023,4,2023,17,North,NA,1257965.61,2896519.29,2.302542508,NA,NA,14.04500638
4/23/2023,4,2023,17,South,NA,1652610.794,3202398.87,1.937781649,NA,NA,14.31786689
4/23/2023,4,2023,17,West,NA,563988.668,1214539.04,2.153481282,NA,NA,13.24278944
4/30/2023,4,2023,18,North,NA,1357515.535,3048406.41,2.245577551,NA,NA,14.12116677
4/30/2023,4,2023,18,South,NA,1771795.94,3400639.76,1.919317955,NA,NA,14.38750425
4/30/2023,4,2023,18,West,NA,585846.2,1252993.87,2.138776133,NA,NA,13.28081258
